1215 1895
175 102 246 131 [ΑΒ.
269 101 319 130 111.
343 100 424 130 CAP.
448 101 469 136 l,
491 99 698 134 2-CAP.11,
725 104 746 129 1.
767 102 813 128 [¹¹¹.
834 102 888 123 n-a.
907 102 947 128 z]
1061 99 1082 131 3

51 183 82 210 14
176 178 367 212 Alexander,
397 176 472 206 urbe
494 175 522 204 in
546 175 689 206 ditionem
718 184 805 205 suam
831 177 968 212 redacta,
1000 176 1082 206 lovis

91 220 235 257 templum
251 218 349 249 intrat.
377 217 568 251 Vehiculum,
587 226 647 254 quo
665 218 820 254 Gordium,
837 218 939 248 Midae
955 223 1082 255 patrem,

92 266 210 292 vectum
228 269 299 291 esse
315 260 483 295 constabat,
499 259 630 296 aspexit,
653 260 734 289 cultu
749 259 830 289 haud
847 268 921 289 sane
936 268 954 289 a
971 259 1081 290 viliori-

5 321 7 334 :
50 309 81 335 15
90 304 148 334 bus
179 302 371 340 vulgatisque
399 309 458 331 usu
483 301 662 330 abhorrens.
715 301 852 331 Notabile
879 307 942 332 erat
969 302 1083 338 iugum,

6 344 7 347 ’
91 345 248 375 astrictum
264 343 472 380 compluribus
495 342 585 372 nodis
608 343 637 372 in
659 343 845 380 semetipsos
868 343 1031 380 implicatis
1054 348 1083 373 et

6 396 7 399 ’
52 392 82 419 16
92 386 260 417 celantibus
282 394 390 415 nexus.
437 384 549 414 Incolis
572 385 683 414 deiude
704 385 940 419 affirmantibus,
971 385 1083 414 editam

90 437 162 459 esse
179 428 303 458 oraculo
319 431 447 462 sortem,
472 426 566 456 Asiae
588 427 767 463 potiturum,
792 428 844 464 qui
866 427 1083 464 inexplicabile

91 471 243 500 vinculum
267 469 422 504 solvisset,
443 468 555 505 cupido
579 468 705 498 incessit
721 468 820 498 animo
839 469 930 498 sortis
947 469 1012 498 eius
1029 469 1082 498 im-

50 517 80 545 17
91 513 231 550 piendae.
271 511 356 540 Circa
371 519 474 548 regem
495 514 560 540 erat
581 515 610 539 et
624 510 778 548 Phrygum
794 511 882 540 turba
898 515 927 540 et
940 511 1081 540 Maeed6-

91 563 170 588 num,
186 554 237 583 illa
252 552 466 590 expectatione
483 560 646 589 suspensa,
664 552 739 581 haec
756 552 886 582 sollicita
901 561 940 582 ex
954 557 1082 582 temera—

90 596 134 626 ria
155 595 236 632 regis
252 595 380 625 fiducia:
404 594 518 631 quippe
535 594 613 623 serie
629 594 821 624 vinculorum
836 594 876 624 ita
891 594 1023 629 astricta,
1040 599 1081 630 ut,

92 638 171 667 unde
186 646 285 667 nexus
302 637 450 674 inciperet
467 644 568 672 quove
585 644 618 665 se
634 636 795 671 conderet,
819 645 875 666 nec
891 635 1009 666 ratione
1024 644 1082 665 nec

90 679 160 709 visu
176 678 293 716 percipi
308 683 425 716 posset,
442 679 564 707 solvere
579 686 746 714 aggressus
758 677 903 708 iniecerat
915 686 1027 713 curam,
1044 686 1083 707 ne

49 724 82 751 18
92 721 121 751 in
138 729 226 751 omen
244 725 410 750 verteretur
425 720 540 749 irritum
556 719 720 756 inceptum.
744 720 797 749 llle
810 720 1015 757 nequicquam
1031 719 1081 751 diu

91 765 221 792 luctatus
243 770 311 791 cum
334 761 495 791 latentibus
513 761 611 797 nodis,
628 762 716 796 Nihil,
740 761 845 798 inquit,
867 764 992 797 interest,
1013 771 1081 798 quo-

90 805 174 834 modo
197 806 364 834 solvantur.-
392 804 556 840 gladioque
578 802 675 840 ruptis
703 803 844 832 omnibus
866 803 940 832 loris
967 803 1082 833 oraculi

91 851 203 876 sortem
220 847 267 875 vel
283 845 374 875 elusit
388 846 438 875 vel
454 844 598 882 implevit.

50 891 82 918 19
170 887 216 924 (3)
238 888 336 924 Quum
352 887 462 917 deinde
478 888 618 922 Dareum,
635 886 810 923 ubicunque
824 891 916 923 esset,
929 895 1083 924 occupare

91 929 256 963 statuisset,
273 934 305 959 ut
320 938 338 958 a
353 933 438 966 tergo
455 933 518 959 tuta
533 928 726 965 relinqueret,
750 929 972 965 Amphoterum
991 929 1083 958 classi

91 972 130 1001 ad
147 980 228 1002 oram
244 971 446 1008 Hellesponti,
469 971 568 1008 copiis
583 975 683 1000 autem
700 970 848 1007 praefecit
865 971 1083 1007 Hegelochum,

89 1013 221 1043 Lesbum
243 1018 273 1043 et
295 1012 400 1043 Chium
423 1013 580 1049 Coumque
603 1012 765 1050 praesidiis
788 1012 919 1042 hostium
941 1013 1083 1042 liberatu-

48 1059 82 1084 20
90 1063 151 1084 ros.
173 1055 227 1084 His
241 1056 353 1085 talenta
369 1055 407 1084 ad
423 1054 493 1084 belli
509 1063 598 1084 usum
615 1054 780 1090 quingenta
795 1054 951 1084 attributa:
967 1055 1007 1084 ad
1021 1056 1083 1084 An-

92 1096 233 1133 tipatrum
248 1101 278 1126 et
298 1105 368 1131 eos,
395 1096 447 1133 qui
464 1096 597 1125 Graecas
620 1096 711 1125 urbes
735 1096 909 1132 tuebantur,
937 1102 1084 1126 sexcenta

91 1138 200 1168 missa:
230 1146 269 1167 ex
296 1139 420 1167 loedere
442 1146 537 1167 naves
566 1137 660 1167 sociis
683 1137 858 1174 imperatae,
883 1147 962 1175 quae
983 1139 1081 1167 Helle-

48 1183 80 1209 21
91 1184 203 1217 sponto
217 1180 437 1217 praesiderent.
454 1179 594 1209 Nondum
609 1179 688 1208 enim
696 1179 888 1209 Memnonem
902 1180 964 1209 vita
975 1188 1083 1209 exces-

93 1221 172 1251 sisse
195 1226 396 1258 cognoverat:
419 1221 448 1249 in
465 1229 555 1257 quem
572 1229 678 1250 omnes
695 1220 866 1251 intenderat
881 1229 988 1258 curas,
1008 1221 1083 1251 satis

92 1271 213 1300 gnarus,
236 1267 344 1293 cuncta
360 1262 389 1292 in
402 1262 547 1300 expedito
565 1264 638 1297 sore,
661 1263 687 1292 si
702 1262 774 1292 nihil
791 1263 828 1292 ab
845 1272 882 1293 eo
899 1268 1082 1293 moveretur.

50 1309 83 1335 22
176 1306 302 1342 Iamque
317 1305 356 1334 ad
371 1305 479 1334 urbem
493 1305 645 1343 Ancham
662 1309 785 1334 ventum
802 1310 875 1341 erat,
890 1305 941 1335 ubi
957 1314 1082 1335 numero

91 1347 246 1383 copiarum
261 1346 334 1376 inito
361 1346 598 1384 Paphlagoniam
612 1346 714 1376 intrat:
731 1347 801 1376 huic
817 1346 911 1376 iuncti
926 1352 1012 1377 erant
1024 1348 1082 1377 Hc-

91 1388 167 1424 ηέιί,
195 1389 276 1418 unde
303 1388 426 1425 quidam
450 1388 588 1417 Venetos
614 1388 733 1418 trahere
766 1388 912 1425 originem
946 1390 1082 1419 credunt.

0 1440 13 1466 12
49 1430 193 1461 230mnis
208 1431 284 1460 haec
299 1430 383 1467 regio
400 1429 499 1467 paruit
514 1430 587 1466 regi,
602 1430 744 1467 datisque
757 1430 917 1460 obsidibus
931 1431 1081 1467 tributum,

91 1472 175 1509 quod
189 1480 228 1502 ne
245 1472 344 1501 Persis
362 1473 484 1508 quidem
501 1471 650 1507 tulissent,
672 1473 808 1509 pendere
830 1481 867 1502 ne
890 1478 1082 1509 cogerentur,

49 1513 337 1551 ⁴zaimpetraverunt.
376 1514 463 1543 Calas
485 1513 556 1543 huic
571 1513 688 1550 regioni
704 1514 901 1551 praepositus
918 1519 980 1544 est:
1002 1514 1081 1552 ipse,

91 1555 266 1593 assumptis,
283 1555 334 1593 qui
347 1564 386 1585 ex
401 1554 582 1585 Macedonia
598 1564 695 1593 nuper
709 1556 905 1592 advenerant,
921 1556 1081 1594 Cappado-

92 1597 169 1627 ciam
184 1597 280 1635 petiit.

0 1565 17 1592 13

490 1664 585 1694 CAP.
607 1665 642 1693 11.

67 1725 82 1752 ι
172 1722 219 1759 (4)
241 1723 281 1753 At
295 1723 412 1753 Dareus
438 1722 574 1753 nuntiata
589 1722 758 1753 Memnonis
774 1728 870 1794 mml'te
885 1723 967 1753 haud
986 1732 1086 1756 secus,
