1215 1895
0 227 14 253 ll

159 82 233 112 ΠΒ.
247 81 285 111 V.
309 80 391 110 CAP.
406 80 444 116 V,
459 77 631 110 so—cAP.
648 77 698 113 VI,
716 81 756 107 14.
779 86 818 114 [v.
837 86 919 108 isi-21.
941 85 978 112 z.1
1050 74 1091 105 93

102 158 268 189 ferebatur:
282 156 410 193 abrupta
423 153 653 184 simulacrorum
665 153 808 187 membra,
821 156 854 181 ut
866 151 997 189 quisque
1009 152 1090 180 avel-

71 205 89 232 ⁶
101 202 184 235 ierat,
201 198 348 229 trahebat.
370 197 477 234 Neque
491 196 617 225 avaritia
629 195 739 230 solum,
756 194 811 223 sed
825 194 914 223 etiam
927 192 1090 223 crudelitas

101 241 130 272 in
148 245 237 278 capta
251 240 327 270 urbe
348 241 486 276 grassata
507 241 568 266 est:
590 245 664 266 auro
687 240 875 273 argentoque
897 234 999 265 onusti
1022 234 1093 264 vilia

102 282 291 321 captivorum
313 288 444 318 corpora
460 278 665 312 trucidabant,
689 276 868 315 passimque
884 276 967 306 obvii
982 277 1092 306 caede-

72 329 89 356 7
101 326 226 359 bantur,
250 331 328 361 quos
343 326 413 351 ante
428 321 556 358 pretium
572 320 618 350 sui
641 318 831 349 miserabiles
847 319 970 348 fecerat.
1007 317 1091 348 Multi

101 375 175 403 ergo
192 364 324 395 hostium
337 371 445 393 manus
461 362 630 392 voluntaria
646 366 742 391 morte
758 365 1001 398 occupaverunt,
1025 367 1092 397 pre-

104 407 268 438 tiosissima
284 405 413 436 vestium
429 404 524 434 induti
540 412 557 434 e
573 404 665 433 muris
689 402 873 440 semctipsos
897 411 965 432 cum
987 401 1091 432 coniu-

103 449 193 487 gibus
205 456 241 478 ac
253 447 354 478 liberis
367 446 396 476 in
411 454 562 484 praeceps
576 445 732 475 iacientes.
754 444 882 480 Quidam
894 444 981 481 ignes
994 443 1092 480 (quod

103 491 195 529 paulo
211 494 282 527 post
297 490 431 519 facturus
444 487 542 518 hostis
559 487 731 520 videbatur)
748 486 942 516 subiecerant
953 486 1093 521 aedibus,

72 537 91 563 6
102 537 135 563 ut
149 540 218 562 cum
232 531 296 561 suis
307 530 369 560 vivi
382 533 595 560 cremarentur.
616 529 751 558 Tandem
763 527 828 557 suis
840 536 895 557 rex
909 527 1091 565 corporibus

102 578 132 604 et
153 574 235 604 cultu
250 572 427 603 seminarum
448 572 600 601 abstinere
614 570 712 600 iussit.
756 570 868 606 Ingens
884 570 1024 607 captivae
1038 577 1091 606 pe—

73 620 91 646 9
102 615 211 646 cuniae
225 615 335 644 modus
352 614 485 649 traditur,
503 621 600 650 prope
615 617 648 642 ut
662 613 754 641 fidem
770 612 908 641 excedat.
953 612 1090 641 Ceterum

102 661 154 686 aut
169 657 208 687 de
223 656 290 686 aliis
307 663 431 693 quoque
447 654 666 688 dubitabimus,
689 659 740 684 aut
754 654 932 690 credemus,
954 653 984 683 in
1000 652 1091 682 huius

102 698 186 728 urbis
199 706 274 736 gaza
287 698 382 727 ruisse
394 697 416 726 C
428 700 458 726 et
468 697 522 726 XX
533 696 614 725 milia
626 696 785 726 talentum:
802 696 840 725 ad
857 703 936 731 quae
953 694 1092 724 vehenda

102 745 248 777 (namque
263 739 302 768 ad
317 747 392 768 usus
407 738 479 767 belli
495 746 599 768 secum
615 742 737 775 portare
752 738 944 771 decreverat)
959 736 1092 766 iumenta

62 786 131 812 loet
145 781 280 811 camelos
295 789 313 809 a
330 780 419 810 Susis
435 783 464 809 et
479 788 497 808 a
511 779 669 817 Babylone
685 779 822 809 contrahi
837 778 936 809 iussit.
976 780 1091 808 Acces-

102 830 170 853 sere
191 822 230 852 ad
252 822 330 851 hanc
345 820 494 859 pecuniae
517 829 680 857 summam,
703 820 800 858 captis
816 819 1014 858 Persagadis,
1036 827 1091 849 sex

101 863 182 894 milia
194 863 348 894 talentum.
364 863 462 901 Cyrus
470 863 675 900 Persagadum
684 863 789 892 urbem
799 862 986 898 condiderat,
1001 869 1091 899 quam

102 906 277 936 Alexandro
294 906 467 943 praefectus
484 905 550 934 eius
567 905 703 934 Gobares
721 904 851 934 tradidit.

63 953 91 979 11
183 946 250 983 (21)
273 947 341 976 Rex
362 955 463 976 arcem
484 946 671 984 Persepolis,
694 947 733 975 111
749 946 870 975 milibus
889 946 1091 976 Macedonum

102 988 257 1027 praesidio
269 988 392 1023 relictis,
405 988 607 1018 Nicarchiden
621 988 696 1018 tueri
710 988 805 1018 iubet:
821 987 944 1017 Tiridati
958 995 1092 1024 quoque,

103 1030 155 1067 qui
171 1039 276 1068 gazam
292 1030 465 1066 tradiderat,
483 1034 624 1060 servatus
639 1035 687 1060 est
702 1031 811 1065 honos,
829 1038 919 1067 quem
935 1030 1019 1066 apud
1034 1030 1091 1058 Da-

103 1076 187 1102 reum
198 1073 360 1102 habuerat:
378 1080 549 1109 magnaque
562 1072 715 1101 exercitus
728 1076 813 1109 parte
825 1076 855 1101 et
867 1070 1091 1108 impedimentis

102 1115 142 1144 ibi
174 1113 287 1144 relictis
318 1114 516 1143 Parmeniona
550 1114 766 1151 Craterumque
801 1113 957 1151 praefecit.
977 1121 1090 1167 sffc‘ffiffi,

1041 1179 1052 1192 e

5 1149 14 1174 ³
62 1157 173 1193 12lpse
201 1164 270 1185 cum
298 1155 378 1185 mille
408 1155 561 1193 equitibus
587 1156 785 1193 peditumque
812 1155 956 1192 expedita
1001 1179 1040 1191 v„

0 1699 4 1719 l

103 1206 193 1227 manu
205 1197 378 1228 interiorem
387 1197 522 1227 Persidis
532 1198 688 1234 regionem
701 1198 758 1227 sub
768 1197 870 1234 ipsum
879 1198 954 1225 Ver·
975 1197 1088 1221 01.n=2,2

102 1239 240 1277 giliarum
262 1239 346 1269 sidus
363 1239 448 1277 petiit
469 1239 632 1276 multisque
653 1239 800 1269 imbribus
821 1244 851 1269 et
871 1246 969 1276 prope
984 1238 1089 1268 intole-

101 1281 187 1311 rabili
207 1286 386 1318 tempestate
402 1286 531 1311 vexatus
554 1282 723 1318 procedere
741 1286 857 1317 tamen,
880 1289 941 1318 quo
954 1280 1091 1310 intende-

62 1327 93 1353 13
101 1327 160 1358 rat,
178 1323 395 1360 perseveravit.
432 1324 565 1353 Ventum
581 1328 645 1353 erat
660 1324 699 1353 ad
714 1323 771 1353 iter
786 1322 943 1360 perpetuis
959 1322 1090 1352 obsitum

103 1364 239 1400 nivibus,
263 1373 340 1402 quas
357 1365 478 1402 frigoris
500 1365 547 1394 vis
562 1366 632 1402 gelu
647 1365 867 1401 adstrinxerat,
889 1366 1092 1401 locorumque

102 1407 227 1443 squalor
241 1412 271 1436 et
286 1406 468 1437 solitudines
489 1406 590 1436 inviae
612 1407 768 1445 fatigatum
789 1407 912 1437 militem
928 1407 1089 1441 terrebant,

102 1448 298 1477 humanarum
314 1457 414 1478 rerum
431 1448 577 1478 terminos
593 1458 628 1479 se
642 1449 749 1479 videre
765 1449 950 1479 credentem.
984 1447 1092 1478 Omnia

102 1494 188 1519 vasta
204 1494 295 1527 atque
311 1490 377 1520 sine
392 1491 453 1520 ullo
470 1490 593 1520 humani
610 1491 709 1521 cultus
722 1491 851 1527 vestigio
865 1489 982 1521 attoniti
994 1489 1090 1520 intue-

99 1531 208 1561 bantur
229 1536 272 1566 οἱ,
295 1536 458 1569 antequam
481 1532 532 1561 lux
550 1541 674 1570 quoque
690 1537 720 1562 et
738 1533 858 1562 coelum
874 1531 962 1570 ipsos
978 1531 1092 1561 defice—

60 1576 175 1608 urent,
191 1573 302 1603 reverti
318 1573 471 1603 iubebant.
513 1575 579 1604 Rex
596 1574 746 1611 castigare
763 1574 883 1604 territos
898 1573 1091 1611 supersedit:

100 1618 232 1644 ceterum
247 1614 315 1652 ipse
331 1624 412 1652 equo
428 1615 550 1646 desiluit
567 1616 728 1653 pedesque
744 1625 799 1654 per
815 1615 902 1646 nives
919 1620 950 1646 et
964 1624 1090 1646 concre-

101 1660 160 1685 tam
180 1656 308 1694 glaciem
330 1657 448 1693 ingredi
472 1657 582 1695 coepit.
624 1658 818 1688 Erubuerunt
840 1666 900 1688 non
925 1657 1015 1695 sequi
1030 1657 1091 1695 pri-

101 1705 180 1727 mum
195 1697 298 1735 amici,
322 1698 433 1728 deinde
450 1699 607 1737 copiarum
624 1700 735 1736 duces,
758 1700 797 1729 ad
813 1699 949 1730 ultimum
965 1698 1092 1730 milites:
