1215 1895
92 70 137 100 72
437 67 469 104 Q.
493 67 650 97 CURTII
671 69 780 98 RUFI

179 143 245 180 (58)
274 143 381 173 Rarior
409 142 491 172 acies
519 146 583 173 erat
607 143 638 172 in
661 143 769 172 dextro
792 151 887 173 cornu
907 144 1125 175 Persarun1.=-.>0
1173 151 1180 183 J

97 194 228 222 namque
241 185 310 214 inde
319 183 469 213 Bactriani
482 183 734 214 discesserantad
744 185 943 221 opprimenda
953 185 1079 223 impedi-

96 231 205 257 menta.
242 227 348 262 Itaque
359 226 535 255 Alexander
549 227 667 256 laxatos
684 225 807 255 ordines
820 226 934 257 invadit
945 230 975 257 et
988 228 1080 257 multa

96 268 191 298 caede
206 267 338 297 hosfium
354 267 514 296 invehitur.
536 268 576 296 At
592 267 642 304 qui
659 267 687 296 in
703 268 791 297 laevo
805 275 901 297 cornu
916 273 1001 298 erant
1011 269 1118 298 Per<2t

97 318 158 345 sae,
175 317 241 346 spe,
257 317 350 345 posse
363 317 432 338 eum
444 309 566 345 includi,
582 317 689 345 agmen
706 317 794 338 suum
806 317 824 337 a
835 313 919 345 tergo
936 309 1078 339 dimican—

97 351 135 381 tis
161 355 337 388 opponunt:
372 351 541 387 Ingensque
570 350 737 387 periculum
766 350 795 379 in
823 351 923 380 medio
950 351 1079 380 haerens

94 393 218 428 adisset,
233 392 262 421 ni
276 392 393 428 equites
402 391 534 428 Agriani,
544 391 714 421 calcaribus
725 391 863 427 subditis,
878 393 1078 422 circumfusos

95 434 159 471 regi
184 434 331 463 barbaros
356 433 453 463 adorti
475 438 580 463 essent
601 441 791 470 aversosque
813 434 969 464 caedendo
993 433 1022 463 in
1045 441 1078 463 se

96 475 212 506 obverti
229 475 411 512 coegissent.
426 475 557 504 Turbata
572 479 636 504 erat
650 479 779 512 utraque
795 475 886 505 acies.
903 475 1079 505 Alexander
1087 481 1121 506 22

95 523 124 548 et
140 526 157 546 a
173 518 270 546 fronte
286 521 316 546 et
330 525 348 545 a
370 521 453 553 tergo
476 517 594 546 hostem
616 517 760 546 habebatz
788 516 839 553 qui
861 525 970 546 averso
993 517 1020 546 ei
1036 517 1078 545 in-

96 560 228 593 stabant,
249 559 287 587 ab
302 558 444 595 Agrianis
460 558 613 595 equitibus
630 559 859 595 premebantur,
875 563 905 588 et
918 557 1079 594 Bactriani,

96 599 319 637 impedimentis
335 600 467 629 hostium
483 600 625 636 direptis,
650 600 766 629 reversi
789 599 912 629 ordines
933 608 1009 629 suos
1030 608 1077 629 re-

96 650 242 678 cuperare
258 649 317 670 non
334 645 486 677 poterant:
513 642 600 678 plura
622 641 709 670 simul
725 642 854 677 abrupta
868 650 886 670 a
901 641 1011 670 ceteris
1027 649 1077 678 ag-

96 685 188 719 mina,
213 682 387 719 ubicunque
409 682 499 711 alium
522 682 571 711 alii
594 683 655 712 sors
682 682 859 718 miscuerat,
886 682 1076 712 dimicabant.

96 727 160 755 Duo
173 733 270 762 reges,
279 724 389 754 iunctis
403 732 500 761 prope
515 724 850 760 agminibus,proelium
865 725 1077 754 accenderant.
1085 729 1121 755 23

94 768 197 796 Plures
210 767 321 796 Persae
337 766 500 795 cadebant:
517 774 572 802 par
585 766 678 795 ferme
690 766 841 802 utrimque
853 774 995 795 numerus
1012 767 1075 794 vul-

94 809 274 837 nerabatur:
304 816 393 837 curru
420 808 536 836 Dareus
550 830 556 841 ‚
585 807 760 836 Alexander
784 815 864 844 equo
890 807 1057 836 vehebatur
1069 819 1074 833 ι
1085 811 1121 835 Ἦ

93 855 253 886 utrumque
283 849 391 878 delecti
419 849 593 884 tuebantur,
629 848 676 878 sui
705 848 907 878 immemores.
958 849 1077 885 Quippe

93 891 206 921 amisso
229 899 301 928 rege
324 898 379 920 nec
395 891 537 920 volebant
553 889 629 920 salvi
648 898 719 919 esse
734 898 790 919 nec
807 894 954 926 poterant.
998 892 1076 919 Ante

94 934 200 963 oculos
214 933 261 962 sui
274 932 405 969 quisque
419 932 499 968 regis
513 936 638 961 mortem
652 932 833 961 occumbere
849 932 978 961 ducebat
993 939 1077 968 egre-

93 976 184 1012 gium.
223 974 388 1004 Maximum
404 979 503 1003 tamen
520 974 687 1010 periculum
699 973 837 1008 adibant,
854 981 932 1009 quos
949 973 1119 1002 maxime2f=

95 1017 267 1047 tuebantur:
281 1016 394 1052 quippe
407 1015 464 1044 sibi
477 1015 608 1052 quisque
616 1014 698 1044 eaesi
710 1014 790 1051 regis
799 1015 962 1050 expetebat
971 1015 1075 1043 decus.

171 1058 237 1094 (59)
254 1057 400 1092 Ceterum,
416 1057 481 1086 sive
495 1056 654 1086 ludibrium
666 1056 822 1085 oculorum
847 1056 912 1085 sive
925 1064 997 1085 vera
1008 1059 1120 1091 spe-26

94 1100 157 1129 cies
174 1099 237 1135 fuit,
255 1099 307 1136 qui
324 1099 404 1128 circa
419 1099 627 1127 Alexandrum
643 1102 741 1131 erant,
758 1097 874 1126 vidisse
890 1106 924 1127 se
940 1097 1075 1126 credide-

94 1146 162 1171 runt
183 1141 337 1177 paululum
359 1148 453 1177 super
475 1144 566 1176 caput
585 1139 666 1176 regis
689 1139 809 1176 placide
824 1140 976 1168 volantem
991 1138 1077 1175 aqui-

97 1186 160 1217 lam.
179 1191 239 1212 non
256 1191 333 1211 sono
349 1190 511 1216 armorum,
527 1190 587 1210 non
602 1181 713 1218 gemitu
726 1180 916 1210 morientium
928 1180 1075 1210 territam:

95 1225 207 1261 diuque
224 1223 304 1253 circa
320 1232 430 1260 equum
447 1223 613 1252 Alexandri
636 1221 779 1259 pendenti
800 1222 896 1258 magis
920 1230 1009 1258 quam
1025 1229 1079 1250 vo-

93 1265 165 1295 lanti
182 1265 287 1294 similis
303 1264 453 1302 apparuit.
497 1264 582 1294 Certe
604 1268 689 1293 vates
705 1263 884 1292 Aristander
903 1264 972 1292 alba
992 1266 1117 1293 veste27

94 1308 217 1337 indutus
233 1311 262 1336 et
278 1308 383 1336 dextra
400 1306 576 1343 praeferens
593 1307 725 1335 lauream
741 1305 885 1334 militibus
899 1304 929 1334 in
944 1313 1076 1342 pugnam

95 1348 215 1378 intentis
237 1357 324 1378 avem
347 1348 547 1382 monstrabat,
569 1347 650 1376 haud
673 1346 796 1375 dubium
814 1346 959 1376 victoriae
975 1345 1076 1382 auspi-

94 1390 183 1420 cium.
216 1391 326 1426 Ingens
343 1398 415 1426 ergo
431 1389 571 1418 alacritas
587 1394 617 1418 et
632 1388 744 1417 fiducia
765 1388 857 1424 paulo
873 1392 943 1417 ante
957 1387 1077 1417 territos
1086 1391 1120 1416 28

94 1431 233 1461 accendit
247 1432 286 1460 ad
303 1440 450 1468 pugnam,
474 1430 577 1467 utique
594 1435 756 1467 postquam
777 1429 882 1466 auriga
897 1429 1003 1464 Darei,
1026 1427 1078 1465 qui

94 1478 163 1503 ante
184 1474 284 1510 ipsum
307 1473 418 1502 sedens
440 1481 538 1509 equos
561 1472 698 1508 regebat,
727 1472 812 1500 hasta
834 1471 998 1500 transfixus
1019 1472 1076 1500 est.

93 1516 155 1544 Nec
171 1520 222 1544 aut
237 1515 347 1544 Persae
361 1519 413 1543 aut
427 1514 609 1543 Maced6nes
626 1513 816 1547 dubitavere,
841 1512 912 1549 quin
934 1511 1001 1549 ipse
1021 1519 1076 1540 rex

93 1561 178 1586 esset
194 1556 325 1585 occisus.
368 1556 447 1592 Ergo
470 1554 587 1592 lugubri
603 1556 716 1584 ululatu
733 1559 762 1583 et
777 1553 930 1583 incondito
946 1554 1076 1582 clamore
1084 1556 1120 1582 29

93 1598 268 1635 gemituque
292 1602 382 1627 totam
406 1599 467 1626 sere
489 1597 584 1626 aciem
600 1596 699 1625 adhuc
714 1604 813 1632 aequo
829 1595 924 1624 Marte
940 1602 1076 1631 pugnan-

95 1639 166 1669 tium
180 1640 340 1668 turbavere
353 1639 470 1675 cognati
481 1638 567 1668 Darei
582 1642 611 1668 et
622 1637 776 1674 armigeri:
789 1638 970 1672 laevumque
982 1643 1078 1665 cornu

93 1679 125 1710 in
142 1682 243 1717 fugam
258 1680 388 1709 effusum
402 1680 579 1709 destituerat
594 1688 721 1715 currum,
739 1687 829 1716 quem
843 1686 862 1707 a
873 1678 979 1707 dextra
991 1680 1078 1712 parte
