1215 1905
124 111 184 141 120
467 111 499 146 Q.
522 111 675 140 CURTII
697 113 804 140 RUFl

120 196 162 221 ei,
186 186 307 215 remittit
332 186 462 214 domum.
507 187 567 215 Iam
590 187 628 215 ad
649 187 753 215 urbem
774 188 959 224 Hyrcaniae,
986 189 1015 218 in
1043 198 1104 226 qua

119 227 204 264 regia
218 227 304 256 Darei
323 227 391 263 suit,
420 231 541 256 ventum
563 232 634 256 erat.
678 228 721 256 lbi
744 228 948 264 Nabarzanes,
976 236 1103 267 accepta

120 270 181 297 fide
197 291 203 304 ‚
230 268 373 302 occurrit,
401 268 482 297 dona
498 268 630 305 ingentia
646 269 755 298 ferens.
790 270 869 299 Inter
891 279 971 306 quae
984 271 1146 307 Bagoasza

120 314 198 345 erat,
226 309 329 346 specie
352 309 495 346 singular-i
519 310 616 346 spado
644 314 736 346 atque
761 310 789 339 in
816 310 884 347 ipso
906 312 982 341 flore
1003 312 1102 349 pueri-

119 351 194 387 tiae⁷
220 350 268 380 cui
294 355 324 380 et
348 351 464 380 Dareus
489 355 631 381 assuetus
658 352 754 381 fuerat
779 356 808 381 et
832 360 903 382 mox
929 354 1103 382 Alexander

119 392 275 421 assuevit:
310 392 439 428 eiusque
470 392 600 421 maxime
634 393 775 428 precibus
809 398 907 423 motus
935 394 1102 424 Nabarzani

119 434 242 470 ignovit.

200 474 267 511 (19)
286 475 371 510 Erat,
398 480 430 504 ut
451 484 544 511 supra
565 475 676 505 dictum
692 481 752 511 est,
782 476 952 514 Hyrcaniae
979 476 1147 506 finitimam-

119 525 193 553 gens
209 517 406 552 Amazonum,
423 516 503 545 circa
517 517 740 546 Thermodonta
755 526 873 546 amnem
888 518 1101 557 Themiscyrae

119 557 312 587 incolentium
330 566 465 594 campos.
488 558 634 594 Reginam
651 559 800 588 habebant
814 559 992 596 Thalestrin,
1007 558 1101 589 omni·
1109 563 1146 589 25

120 599 175 628 bus
197 599 274 628 inter
297 599 464 628 Caucasum
482 604 614 628 montem
630 605 659 629 et
672 600 781 629 Phasin
797 608 914 629 amnem
930 600 1100 637 imperitan-

119 645 186 670 tcm.
229 641 312 669 Haec
335 641 476 677 cupidine
497 641 613 669 visendi
635 641 716 677 regis
737 649 869 671 accensa
890 642 1000 671 finibus
1015 641 1101 677 regni

119 682 165 711 sui
181 682 315 711 excessit
331 686 368 716 et,
386 690 478 718 quum
490 682 570 711 haud
586 684 692 718 procul
707 682 838 718 abesset,
857 682 1012 719 praemisit
1026 682 1100 712 indi-

118 728 232 759 cantes,
246 723 369 752 venisse
384 724 518 760 reginam
531 723 663 752 adeundi
676 724 741 753 eius
755 725 1024 761 cognoscendique
1037 724 1101 753 avi-

118 766 196 794 dam.
218 765 359 794 Protinus
373 766 451 794 facta
462 769 612 801 potestate
629 764 778 801 veniendi,
795 765 904 795 ceteris
920 765 1014 795 iussis
1030 766 1146 796 sub-26

118 806 240 842 sistere,
264 806 406 835 trecentis
424 806 599 835 feminarum
616 806 756 835 comitata
771 807 936 843 processit:
963 811 1054 843 atque
1068 810 1101 835 ut

119 848 246 885 primum
263 857 317 877 rex
338 847 367 876 in
385 852 554 883 conspectu
573 848 640 882 fuit,
670 856 749 884 equo
771 849 838 884 ipsa
860 848 996 884 desiluit,
1022 848 1099 876 duas
1172 882 1173 885 Ἰ

118 890 238 918 lanceas
262 890 367 918 dextra
390 889 574 925 praeferens.
618 890 721 918 Vestis
742 897 801 918 non
825 893 887 918 toto
915 889 1141 920 Amazonumffi

117 931 238 967 corpori
262 930 437 960 obducitur:
466 938 534 959 nam
557 931 644 959 laeva
665 939 735 966 pars
757 931 797 959 ad
818 936 924 967 pectus
947 935 994 960 est
1008 931 1099 965 nuda,

117 977 218 1001 cetera
239 972 349 1001 deinde
370 973 517 1001 velantur.
559 972 620 1001 Nec
643 976 739 1000 tamen
763 972 847 1001 sinus
874 971 983 1007 vestis,
1011 980 1100 1008 quem

116 1014 198 1043 nodo
216 1014 374 1049 colligunt,
397 1014 474 1042 infra
488 1022 588 1050 genua
603 1012 770 1042 descendit.
813 1013 915 1042 Altera
930 1013 1042 1050 papilla
1057 1012 1142 1043 itt-28

115 1059 196 1085 tacta
211 1060 363 1089 servatur,
388 1063 449 1091 qua
463 1055 617 1084 muliebris
634 1063 727 1084 sexus
749 1054 861 1083 liberos
880 1056 975 1084 alant:
997 1054 1096 1083 aduri-
1171 1056 1184 1088 ζ,

114 1101 165 1127 tur
178 1098 312 1132 dextera,
328 1101 359 1125 ut
374 1104 463 1126 arcus
481 1096 598 1125 facilius
614 1096 770 1125 intendant
784 1100 814 1124 et
828 1097 886 1125 tela
901 1096 1027 1125 vibrent.
1054 1096 1145 1125 ln—29
1171 1092 1173 1098 ⁸

114 1138 218 1169 territo
247 1139 329 1167 vultu
356 1146 457 1174 regem
482 1137 646 1166 Thalestris
668 1138 852 1170 intuebatur,
880 1137 1012 1166 habitum
1033 1136 1099 1166 eius

115 1180 353 1217 haudquaquam
382 1188 482 1208 rerum
513 1180 609 1208 famae
640 1187 743 1215 parem
773 1178 868 1208 oculis
902 1179 1099 1215 perlustrans.

117 1222 236 1258 Quippe
250 1221 389 1250 omnibus
402 1220 539 1250 barbaris
553 1220 581 1248 in
599 1228 760 1256 corporum
773 1220 929 1249 maiestate
944 1219 1099 1248 veneratio

117 1267 171 1297 est,
186 1271 426 1299 magnorumque
439 1270 565 1298 operum
577 1270 636 1290 non
650 1261 726 1290 alios
741 1269 872 1297 capaces
883 1265 996 1297 putant,
1011 1269 1101 1297 quam

118 1313 196 1341 quos
213 1304 322 1333 eximia
338 1304 443 1340 specie
465 1304 579 1332 donare
601 1307 707 1331 natura
728 1302 849 1338 dignata
865 1307 920 1332 est.
965 1302 1147 1332 Ceterumssa
1169 1300 1183 1321 ²·

117 1346 315 1382 interrogata,
338 1354 407 1374 num
424 1345 537 1381 aliquid
554 1349 657 1381 petere
672 1345 776 1379 vellet,
799 1344 880 1373 haud
896 1343 1043 1373 dubitavit
1059 1344 1100 1372 sa-

119 1387 188 1422 teri‚
204 1388 243 1416 ad
259 1387 529 1416 communicandos
546 1394 613 1415 cum
630 1393 700 1422 rege
717 1385 830 1414 liberos
847 1392 880 1414 se
896 1385 1034 1420 venisse,
1056 1384 1098 1413 di-

116 1437 215 1465 gnam,
228 1437 266 1457 ex
280 1437 340 1465 qua
352 1429 419 1465 ipse
431 1427 515 1464 regni
527 1431 685 1464 generaret
696 1427 834 1456 heredes.
850 1425 1100 1456 Femininisexus
1169 1447 1171 1466 ἴ

118 1479 151 1499 se
164 1474 354 1505 retenturam,
369 1477 480 1498 marem
493 1469 676 1498 reddituram
687 1468 774 1504 patri.
790 1468 974 1502 Alexander,
986 1475 1022 1496 an
1033 1475 1101 1496 cum
1108 1471 1141 1496 31,-
1169 1466 1171 1511 ξ

117 1512 186 1548 ipso
204 1511 329 1540 militare
345 1512 449 1545 vellet⁷
476 1511 654 1547 interrogat:
681 1514 711 1539 at
731 1509 781 1538 illa
803 1515 941 1543 causata,
968 1508 1034 1537 sine
1049 1516 1100 1537 cu-

118 1554 206 1582 stode
221 1561 347 1589 regnum
363 1552 540 1588 reliquisse,
563 1556 666 1588 petere
683 1551 914 1587 perseverabat,
933 1558 970 1578 ne
986 1557 1020 1578 se
1035 1548 1100 1578 irri-

117 1600 175 1623 tam
192 1595 260 1631 spei
276 1595 360 1623 abire
377 1598 537 1630 pateretur.
560 1593 669 1622 Acrior
683 1593 721 1621 ad
737 1591 889 1621 Venerem
905 1590 1034 1620 feminae
1048 1598 1100 1619 cu·
1108 1593 1144 1620 35}
1168 1618 1169 1627 ¹

118 1636 200 1673 pido,
215 1644 304 1672 quam
317 1636 407 1671 regis,
422 1640 452 1664 ut
463 1643 579 1672 paucos
589 1634 655 1663 dies
669 1633 857 1668 subsisteret,
872 1631 1011 1669 perpulit.
1033 1631 1101 1660 XIII

117 1677 183 1706 dies
199 1677 229 1706 in
245 1677 426 1713 obsequium
443 1675 588 1705 desiderii
604 1675 671 1704 eius
687 1674 840 1711 absumpti
858 1679 937 1703 sunt.
959 1673 1033 1702 Tum
1048 1672 1101 1702 illa

120 1727 242 1756 ”egnum
258 1727 360 1753 suum,
377 1727 431 1747 rex
446 1718 624 1747 Parthienen
640 1716 822 1754 petiverunt.
