1215 1895
146 95 219 124 LIB.
235 95 286 123 lv.
303 93 384 124 CAP.
400 93 480 129 VIII,
497 95 530 123 13
542 109 579 114 --
587 91 667 122 CAP.
681 91 729 128 lx,
747 96 787 121 Η.
811 93 858 120 IN,
877 93 961 116 ³04⁷.
981 92 1021 119 Z·]
1059 90 1098 121 53

107 170 220 201 nebant
234 170 264 200 in
280 170 459 199 adversum:
485 167 562 197 aliae
578 166 688 197 deinde
706 167 799 197 falces
823 167 1005 197 summissae
1019 171 1098 198 rota-

105 221 171 243 rum
184 212 309 243 orbibus
321 211 502 246 haerebant,
526 213 555 238 et
570 208 647 238 aliae
660 208 689 238 in
704 213 812 238 terrani
826 209 994 245 demissae,
1014 209 1097 246 quic-

108 254 181 292 quid
198 253 321 284 obvium
337 251 496 282 concitatis
513 251 600 288 equis
618 250 735 285 suisset,
752 255 971 287 amputaturae.

77 301 94 327 6
189 296 256 331 (36)
277 296 343 325 Hoc
359 294 451 324 modo
467 293 614 323 instructo
631 292 768 322 exercitu
785 301 819 321 ac
835 297 1024 329 perarmato,
1041 293 1098 322 Ba-

108 339 219 376 bylone
235 337 341 374 copias
357 335 460 366 movit.
504 336 531 364 A
548 338 632 371 parte
649 335 756 364 dextra
772 338 836 364 erat
851 335 963 371 Tigris,
986 335 1098 364 nobilis

108 379 235 414 fluvius,
259 379 377 408 laevam
393 377 513 414 tegebat
528 376 714 413 Euphrates,
731 384 839 413 agmen
855 376 1098 413 Mesopotamiae

78 426 92 452 7
107 429 233 458 campos
245 420 433 457 impleverat,
456 419 536 455 Tigri
550 418 661 447 deinde
673 422 828 455 superato,
846 427 937 455 quum
950 418 1098 453 audisset,

107 463 188 493 haud
204 462 311 500 procul
333 461 445 491 abesse
466 461 599 495 hostem,
628 460 827 497 Satropaten,
853 460 988 497 equitum
1012 468 1098 496 prae-

107 506 228 539 rectum,
244 512 311 534 cum
327 503 408 533 mille
424 502 551 532 delectis
563 502 731 539 praemisit.
753 502 879 531 Mazaeo
894 503 1026 538 praetori
1042 510 1099 532 sex

76 551 93 578 8
105 546 187 576 milia
202 547 288 582 data,
315 544 426 582 quibus
448 545 566 574 hostem
584 543 713 573 transitu
729 543 826 573 amnis
840 548 972 573 arceret:
999 543 1098 573 eidem

106 589 294 622 mandatum,
314 591 344 617 ut
358 586 530 624 regionem,
554 594 645 623 quam
660 586 837 615 Alexander
852 590 936 615 esset
951 585 1098 620 aditurus,

107 631 304 667 popularetur
319 633 410 665 atque
426 632 540 657 ureret:
566 628 682 664 quippe
699 628 857 662 credebat,
874 627 978 664 inopia
994 627 1098 657 debel-

107 673 160 701 lari
177 680 270 709 posse
286 670 359 700 nihil
375 670 545 705 habentem,
562 669 620 698 nisi
635 670 719 706 quod
731 669 880 706 rapiendo
895 674 1098 706 occupasset:

106 713 165 751 ipsi
180 718 280 743 autem
296 716 484 742 commeatus
499 711 549 741 alii
565 716 660 747 terra,
683 711 732 740 alii
748 712 825 747 Tigri
843 719 931 740 amne
947 711 1098 740 subvehe-

77 760 93 786 9
105 755 223 785 bantur.
248 756 310 784 Iam
326 758 509 791 pervenerat
523 753 636 782 Arbela
652 753 767 787 vicum,
790 753 922 782 nobilem
938 761 995 783 sua
1011 754 1099 783 clade

106 798 249 826 facturus.
292 796 348 826 Hic
365 799 587 825 commeatuum
604 794 854 831 sarcinarumque
877 795 991 824 maiore
1013 799 1099 831 parte

106 839 256 876 deposita,
273 839 390 875 Lycum
406 846 525 867 amnem
542 841 634 873 ponte
647 836 745 866 iunxit
756 841 786 866 et
798 845 854 873 per
867 836 933 866 dies
951 837 1097 873 quinque,

66 884 96 909 10
105 881 182 910 sicut
196 884 265 910 ante
286 880 476 917 Euphraten,
500 878 618 908 traiecit
633 878 808 908 exercitum.
846 879 920 908 Inde
943 878 1097 915 octoginta

106 923 168 952 sere
190 922 288 952 stadia
310 930 494 958 progressus
517 921 556 950 ad
579 921 704 949 alterum
724 929 843 949 amnem
865 920 1026 957 (Boumelo
1043 929 1097 950 no-

105 971 174 994 men
189 967 249 1000 est)
265 967 365 993 castra
380 963 493 1000 posuit.
531 961 712 999 Opportuna
727 962 919 999 explicandis
936 963 1034 1000 copiis
1050 971 1097 992 re-

105 1006 155 1043 gio
171 1010 244 1040 erat,
261 1005 433 1043 equitabilis
450 1009 479 1034 et
496 1008 583 1034 vasta
599 1004 751 1041 planities.
783 1004 827 1033 Ne
844 1005 956 1042 stirpes
974 1005 1097 1041 quidem

0 1063 7 1070 ·
52 1076 58 1083 ,
105 1052 134 1076 et
153 1047 258 1077 brevia
284 1047 413 1084 virgulta
440 1047 579 1084 operiunt
606 1047 721 1081 solum,
747 1046 885 1082 liberque
912 1051 1097 1083 prospectus

106 1090 264 1119 oculorum
280 1089 370 1118 etiam
383 1089 422 1118 ad
438 1097 483 1123 ea,
501 1096 580 1125 quae
597 1089 704 1124 procul
717 1095 889 1123 recessere,
906 1088 1098 1124 permittitur.

105 1131 210 1167 ltaque
226 1130 252 1160 si
269 1139 329 1167 qua
349 1130 447 1167 campi
470 1130 654 1166 eminebant,
682 1129 771 1159 iussit
792 1130 917 1166 aequari
939 1133 1097 1167 totumque

106 1172 258 1209 fastigium
273 1173 406 1201 extendi.

67 1218 94 1244 ll
185 1213 252 1248 (37)
275 1214 468 1248 Alexandro,
491 1213 542 1250 qui
558 1221 716 1243 numerum
732 1212 889 1249 copiarum
906 1212 982 1248 eius,
1000 1222 1096 1250 quan-

104 1260 165 1285 tum
182 1257 287 1292 procul
304 1255 467 1285 coniectari
484 1259 617 1292 poterat,
643 1253 857 1289 aestimabant,
887 1254 938 1284 vix
960 1255 1097 1286 fecerunt

104 1297 210 1333 tidem,
234 1302 276 1328 tot
290 1296 411 1326 milibus
428 1296 543 1332 caesis,
568 1297 699 1326 maiores
716 1296 823 1333 copias
839 1305 911 1326 esse
925 1303 1095 1334 reparatas.

65 1343 94 1369 12
103 1338 241 1368 Ceterum
254 1338 351 1369 omnis
363 1338 490 1376 periculi
503 1343 532 1367 et
544 1338 674 1368 maxime
689 1338 887 1368 multitudinis
904 1343 1096 1377 contemptor

102 1380 270 1410 lmdecimis
297 1380 406 1410 castris
433 1380 472 1409 ad
492 1380 665 1417 Euphraten
696 1380 848 1417 pervenit:
881 1389 942 1417 quo
985 1406 1013 1424 Α,
1033 1405 1067 1425 33¹

104 1421 246 1459 pontibus
268 1422 370 1452 iuncto
393 1422 513 1459 equites
539 1422 654 1459 primos
678 1422 736 1457 ire,
758 1423 942 1459 phalangem
961 1435 979 1449 a.
1003 1430 1052 1459 cnr:
1073 1436 1094 1450 n.

103 1464 192 1500 sequi
204 1464 296 1498 iubet,
308 1465 444 1498 Mazaeo,
460 1463 512 1500 qui
521 1465 560 1493 ad
571 1463 769 1493 inhibendum
783 1464 942 1493 transitum
981 1455 1071 1501 ³232}ss

102 1504 168 1535 eius
178 1514 246 1536 cum
259 1515 314 1536 sex
322 1505 443 1535 milibus
452 1505 587 1542 equitum
598 1510 780 1541 occurrerat,
794 1515 854 1535 non
864 1514 940 1535 auso
961 1506 996 1526 0¹·
1012 1506 1056 1529 ¹¹2·
1073 1506 1093 1526 ²·

63 1546 268 1584 13periculum
280 1548 328 1578 sui
341 1549 451 1577 facere.
472 1547 582 1577 Paucis
596 1546 707 1577 deinde
723 1556 784 1577 non
800 1548 840 1577 ad
857 1547 940 1585 quie-
971 1537 1084 1577 Ηῖἒῖῗῖῗη.

102 1594 176 1625 tem,
198 1590 254 1619 sed
269 1590 309 1619 ad
323 1590 515 1627 reparandos
531 1589 650 1618 animos
666 1589 775 1619 diebus
793 1589 871 1619 datis
887 1589 940 1618 mi·
980 1583 1072 1602 ΜΕΝ·

103 1630 160 1667 liti,
177 1636 301 1662 strenue
315 1632 435 1662 hostem
451 1631 573 1668 insequi
590 1631 707 1668 coepit,
724 1635 879 1667 metuens,
895 1640 934 1661 ne
949 1630 1094 1661 interiora

101 1673 186 1710 regni
203 1673 250 1704 sui
266 1678 384 1711 peteret
405 1674 647 1710 sequendusque
664 1677 748 1703 esset
762 1682 818 1710 per
833 1675 902 1703 loca
924 1673 1005 1703 omni
1021 1673 1093 1703 soli-

64 1714 204 1745 utudine
224 1719 315 1753 atque
337 1714 442 1752 inopia
464 1719 560 1745 vasta.
604 1714 697 1752 Igitur
710 1719 816 1752 quarto
834 1715 882 1745 die
899 1720 1020 1752 praeter
1035 1717 1092 1744 Ar-
