1215 1895
108 88 151 119 89
457 88 489 123 Q.
513 88 667 117 CURTll
688 88 795 117 RUFI

553 180 645 209 CAP.
669 181 703 209 ΙΙ.

192 246 238 283 (7)
260 247 315 276 His
330 247 371 276 ita
386 246 580 283 compositis,
601 246 630 276 in
646 246 817 283 regionem,
834 255 912 284 quae
929 247 1119 284 Satrapenel

108 293 248 325 vocatur,
262 288 408 325 pervenit.
430 288 549 318 Fertilis
562 292 650 324 terra,
666 288 755 325 copia
767 297 868 317 rerum
880 292 909 318 et
921 288 1002 318 omni
1013 297 1092 319 com-

111 335 211 359 meatu
226 330 396 359 abundans.
439 331 544 366 ltaque
560 330 672 359 diutius
687 329 727 358 ibi
744 330 877 359 substitit
891 337 942 365 ac,
962 338 1000 359 ne
1015 330 1093 359 desi·
1105 334 1122 359 2

110 373 167 401 des
193 371 254 401 otio
281 371 472 401 demitterent
497 371 629 406 animos,
656 371 773 401 iudices
795 371 878 401 dedit
898 371 1093 408 praemiaque

112 413 274 450 proposuit
288 414 326 442 de
343 413 450 443 virtute
466 412 584 442 militari
600 412 794 442 certantibus.
822 414 953 448 Novem,
970 412 1021 449 qui
1036 413 1094 442 for·
1105 415 1123 442 3

110 454 219 484 tissimi
234 454 357 484 iudicati
372 459 491 489 essent,
508 454 635 490 singulis
650 454 775 483 militum
791 454 912 483 milibus
929 453 1094 490 praefuturi

111 496 405 531 erant(cliiliarelias
423 496 599 531 vocabant),
621 500 691 525 tunc
707 495 834 532 primum
850 495 880 524 in
896 496 975 524 hunc
991 503 1094 525 nume-

110 546 176 567 rum
185 538 282 574 copiis
294 537 478 567 distributis:
490 546 621 574 namque
629 542 718 566 antea
727 537 943 574 quingenariae
952 537 1093 567 cohortes

111 580 229 608 fuerant
265 587 321 608 nec
337 578 519 608 fortitudinis
535 579 670 616 praemia
686 583 850 618 cesserant.
894 579 1003 615 Ingens
1019 577 1094 607 mili·
1106 583 1121 607 4

109 625 173 650 tum
185 621 272 650 turba
283 625 482 656 convenerat,
501 620 623 656 egregio
637 619 813 649 interfutura
826 619 995 655 certamini,
1007 619 1094 649 testis

110 663 217 691 eadem
240 661 388 698 cuiusque
411 662 557 691 sactorum
580 665 610 690 et
629 662 667 690 de
689 661 840 691 iudicibus
861 662 958 690 latura
973 665 1092 690 senten—

109 703 196 732 tiam:
224 703 339 740 quippe
365 711 479 733 verone
502 711 540 732 an
566 703 643 732 falso
666 703 765 732 honos
792 702 903 739 cuique
924 703 1094 738 haberetur,

110 744 243 781 ignorari
259 753 318 774 non
335 749 461 781 poterat.
482 744 598 773 Primus
614 744 753 773 omnium-
763 743 879 774 virtutis
895 752 988 773 causa
1001 745 1093 774 dona—
1105 747 1122 772 5

110 794 159 815 tus
176 786 387 816 estAtharrias
403 785 520 820 senior,
539 785 589 822 qui
606 785 750 815 omissum
766 787 848 822 apud
857 785 1092 815 Halicarnasson

110 836 129 857 a
143 827 313 857 iunioribus
329 827 478 864 proelium
492 836 571 856 unus
584 826 713 856 maxime
726 827 921 856 accenderat:
936 827 1092 863 proximus

110 869 138 898 ei
160 870 327 905 Antigenes
348 869 434 898 visus
455 873 516 898 est:
542 868 660 898 tertium
681 870 779 897 locum
797 868 926 897 Philotas
949 869 1093 904 Augaeus

110 910 252 940 obtinuit:
265 915 390 947 quartus
398 911 548 948 Amyntae
565 911 667 939 datus:
685 914 754 946 post
768 910 825 939 hos
833 909 1002 945 Antigonus
1015 912 1044 938 et
1055 909 1093 938 ab

110 961 147 981 eo
159 953 329 989 Lyncestes
344 953 493 990 Amyntas
516 951 585 981 suit:
608 951 768 988 septimum
790 952 888 981 locum
910 951 1092 984 Theodotus,

108 994 246 1024 ultimum
259 993 387 1023 obtinuit
398 994 581 1023 Hellanicus.
604 993 637 1021 ln
651 992 812 1029 disciplina
823 1001 947 1029 quoque
960 991 1094 1021 militaris
1105 995 1122 1021 6

108 1036 154 1065 rei
169 1045 187 1065 a
199 1035 363 1065 maioribus
375 1035 506 1073 [tradita]
523 1035 668 1071 pleraque
685 1042 801 1063 summa
814 1033 946 1073 utilitate⁴
956 1032 1089 1062 mutavit.

108 1078 183 1106 Nam
198 1086 289 1114 quum
301 1081 370 1107 ante
382 1076 502 1113 equites
514 1077 543 1104 in
560 1084 645 1105 suam
659 1075 790 1112 quisque
806 1079 925 1112 gentem
941 1074 1092 1103 describe-

109 1123 212 1149 rentur
234 1127 361 1148 seorsus
382 1126 401 1147 a
423 1117 546 1152 ceteris,
575 1120 718 1154 exempto
740 1116 893 1146 nationum
909 1115 1093 1150 discrimine,

112 1160 284 1198 praefectis,
299 1168 359 1189 non
375 1159 480 1196 ntique
497 1167 618 1188 suarum
633 1159 775 1195 gentium,
791 1159 846 1187 sed
861 1157 996 1192 delectis,
1012 1156 1093 1186 attri-

111 1201 182 1231 buit.
205 1202 297 1237 Tuba,
314 1210 407 1237 quum
423 1204 523 1229 castra
537 1208 660 1229 movere
675 1200 775 1234 vellet,
792 1199 909 1235 signum
926 1199 1024 1233 dabat,
1042 1206 1092 1228 cu·
1105 1201 1121 1228 7

110 1243 158 1273 ius=
180 1251 275 1272 sonus
301 1243 498 1279 plerumque,
524 1241 766 1271 tumultuantium
788 1240 905 1269 fremitu
927 1239 1092 1275 exoriente,

110 1285 191 1314 haud
213 1284 286 1314 satis
309 1283 541 1313 exaudiebatur:
570 1290 642 1319 ergo
669 1282 828 1319 perticam,
854 1289 932 1317 quae
957 1280 1094 1317 undique

111 1325 249 1363 conspici
266 1330 387 1362 posset,
405 1332 499 1361 supra
514 1323 697 1361 praetorium
713 1323 828 1357 statuit,
845 1331 882 1352 ex
900 1331 959 1359 qua
975 1322 1094 1359 signum

110 1367 269 1402 eminebat,
283 1366 395 1404 pariter
403 1366 542 1396 omnibus
555 1365 769 1402 conspicuum:
787 1364 1005 1394 observabatur
1015 1363 1094 1400 ignis

110 1413 211 1443 noctu,
229 1409 328 1438 sumus
343 1407 482 1438 interdiu.

192 1450 238 1486 (8)
260 1450 384 1487 Iamque
405 1449 485 1478 Susa
505 1448 533 1479 ei
554 1448 672 1478 adituro
694 1448 848 1483 Abulites,
875 1447 1008 1484 regionis
1025 1444 1122 1476 eius8

110 1492 298 1528 praefectus,
322 1491 388 1520 sive
403 1490 491 1520 Darei
506 1490 608 1525 iussu,
630 1494 662 1519 ut
676 1489 883 1519 Alexandrum
898 1489 1011 1526 praeda
1025 1487 1093 1517 reti-

111 1537 210 1568 neret,
231 1532 297 1562 sive
313 1541 370 1562 sua
384 1536 494 1569 sponte
509 1531 601 1561 filium
618 1530 737 1561 obviam
752 1530 845 1566 misit,
866 1529 1043 1559 traditurum
1059 1536 1094 1557 se

111 1575 216 1604 urbem
228 1574 417 1611 promittens.
434 1573 570 1610 Benigne
581 1572 722 1602 iuvenem
735 1571 857 1608 excepit
871 1579 924 1600 rex
941 1575 971 1600 et
985 1570 1093 1600 eodem
1104 1574 1122 1600 9

111 1616 190 1645 duce
202 1617 238 1644 ad
249 1615 409 1651 Choaspen
423 1623 541 1644 amnem
554 1614 698 1651 pervenit,
713 1613 879 1646 delicatam,
895 1616 927 1641 ut
942 1613 1021 1641 sama
1037 1615 1092 1646 est,

83 1661 86 1664 ⁴
111 1657 272 1687 vehentem
286 1665 405 1693 aquam.
427 1656 483 1685 Hie
498 1657 638 1685 AbulItes
654 1663 722 1685 cum
737 1654 826 1684 donis
841 1653 952 1690 regalis
966 1653 1091 1690 opulen-
1101 1656 1134 1683 10

110 1697 171 1727 title
185 1698 322 1729 occurrit.
346 1698 514 1727 Dromades
531 1697 635 1726 cameli
652 1696 729 1726 inter
745 1696 824 1725 dona
840 1699 933 1729 erant,
949 1694 1092 1724 velocita-
