<?xml version="1.0" encoding="UTF-8"?>
<!DOCTYPE html PUBLIC "-//W3C//DTD XHTML 1.0 Transitional//EN"
    "http://www.w3.org/TR/xhtml1/DTD/xhtml1-transitional.dtd">
<html xmlns="http://www.w3.org/1999/xhtml" xml:lang="en" lang="en">
 <head>
  <title>
</title>
<meta http-equiv="Content-Type" content="text/html;charset=utf-8" />
  <meta name='ocr-system' content='tesseract 3.04.00' />
  <meta name='ocr-capabilities' content='ocr_page ocr_carea ocr_par ocr_line ocrx_word'/>
</head>
<body>
  <div class='ocr_page' id='page_1' title='image "./degestisalexand00curtuoft_0057.png"; bbox 0 0 1215 1895; ppageno 0'>
   <div class='ocr_carea' id='block_1_1' title="bbox 303 75 1125 112">
    <p class='ocr_par' dir='ltr' id='par_1_1' title="bbox 303 75 1125 112">
     <span class='ocr_line' id='line_1_1' title="bbox 303 75 1125 112; baseline -0.002 -5"><span class='ocrx_word' id='word_1_1' title='bbox 303 76 375 108; x_wconf 84' lang='lat' dir='ltr'>LIB.</span> <span class='ocrx_word' id='word_1_2' title='bbox 391 78 442 106; x_wconf 83' lang='grc' dir='ltr'>Ν.</span> <span class='ocrx_word' id='word_1_3' title='bbox 465 76 546 106; x_wconf 80' lang='lat' dir='ltr'><strong>CAP.</strong></span> <span class='ocrx_word' id='word_1_4' title='bbox 564 76 585 112; x_wconf 90' lang='lat'>1,</span> <span class='ocrx_word' id='word_1_5' title='bbox 602 81 704 106; x_wconf 83' lang='lat'>1—15.</span> <span class='ocrx_word' id='word_1_6' title='bbox 725 78 774 105; x_wconf 79' lang='lat' dir='ltr'>[lv.</span> <span class='ocrx_word' id='word_1_7' title='bbox 795 78 851 99; x_wconf 77' lang='grc'>1-3-</span> <span class='ocrx_word' id='word_1_8' title='bbox 872 78 911 104; x_wconf 69' lang='lat'>2.)</span> <span class='ocrx_word' id='word_1_9' title='bbox 1084 75 1125 105; x_wconf 79' lang='lat'>29</span> 
     </span>
    </p>
   </div>
   <div class='ocr_carea' id='block_1_2' title="bbox 93 151 1126 1734">
    <p class='ocr_par' dir='ltr' id='par_1_2' title="bbox 103 151 1123 274">
     <span class='ocr_line' id='line_1_2' title="bbox 103 151 1119 189; baseline -0.005 -5"><span class='ocrx_word' id='word_1_10' title='bbox 103 153 308 187; x_wconf 68' lang='lat' dir='ltr'>§Maritimam</span> <span class='ocrx_word' id='word_1_11' title='bbox 323 158 385 183; x_wconf 81' lang='lat' dir='ltr'>tum</span> <span class='ocrx_word' id='word_1_12' title='bbox 401 161 486 183; x_wconf 84' lang='lat' dir='ltr'>oram</span> <span class='ocrx_word' id='word_1_13' title='bbox 501 156 531 182; x_wconf 84' lang='lat' dir='ltr'>et</span> <span class='ocrx_word' id='word_1_14' title='bbox 546 152 693 189; x_wconf 85' lang='lat' dir='ltr'>pleraque</span> <span class='ocrx_word' id='word_1_15' title='bbox 710 152 831 189; x_wconf 80' lang='lat' dir='ltr'>longius</span> <span class='ocrx_word' id='word_1_16' title='bbox 847 151 938 181; x_wconf 77' lang='lat' dir='ltr'>eliam</span> <span class='ocrx_word' id='word_1_17' title='bbox 953 160 971 181; x_wconf 85' lang='lat' dir='ltr'>a</span> <span class='ocrx_word' id='word_1_18' title='bbox 987 151 1061 180; x_wconf 82' lang='lat' dir='ltr'>mari</span> <span class='ocrx_word' id='word_1_19' title='bbox 1078 160 1119 180; x_wconf 87' lang='lat' dir='ltr'>re-</span> 
     </span>
     <span class='ocr_line' id='line_1_3' title="bbox 130 193 1123 231; baseline -0.004 -5"><span class='ocrx_word' id='word_1_20' title='bbox 130 195 271 226; x_wconf 82' lang='lat' dir='ltr'>cedentia</span> <span class='ocrx_word' id='word_1_21' title='bbox 286 203 340 225; x_wconf 79' lang='lat' dir='ltr'>rex</span> <span class='ocrx_word' id='word_1_22' title='bbox 356 195 423 224; x_wconf 89' lang='lat' dir='ltr'>eius</span> <span class='ocrx_word' id='word_1_23' title='bbox 438 193 557 223; x_wconf 82' lang='lat' dir='ltr'>insulae</span> <span class='ocrx_word' id='word_1_24' title='bbox 573 193 673 223; x_wconf 72' lang='lat' dir='ltr'>Strato</span> <span class='ocrx_word' id='word_1_25' title='bbox 690 194 884 231; x_wconf 77' lang='lat' dir='ltr'>possidebat:</span> <span class='ocrx_word' id='word_1_26' title='bbox 908 202 969 231; x_wconf 89' lang='lat' dir='ltr'>quo</span> <span class='ocrx_word' id='word_1_27' title='bbox 986 193 1015 222; x_wconf 92' lang='lat' dir='ltr'>in</span> <span class='ocrx_word' id='word_1_28' title='bbox 1032 193 1123 223; x_wconf 85' lang='lat' dir='ltr'>fidem</span> 
     </span>
     <span class='ocr_line' id='line_1_4' title="bbox 130 235 845 274; baseline -0.006 -7"><span class='ocrx_word' id='word_1_29' title='bbox 130 242 260 274; x_wconf 79' lang='lat' dir='ltr'>accepto</span> <span class='ocrx_word' id='word_1_30' title='bbox 277 241 378 267; x_wconf 77' lang='lat' dir='ltr'>castra</span> <span class='ocrx_word' id='word_1_31' title='bbox 392 235 487 266; x_wconf 84' lang='lat' dir='ltr'>movit</span> <span class='ocrx_word' id='word_1_32' title='bbox 501 236 540 264; x_wconf 85' lang='lat' dir='ltr'>ad</span> <span class='ocrx_word' id='word_1_33' title='bbox 557 236 662 264; x_wconf 86' lang='lat' dir='ltr'>urbem</span> <span class='ocrx_word' id='word_1_34' title='bbox 677 236 845 265; x_wconf 69' lang='lat' dir='ltr'>Marzithon.</span> 
     </span>
    </p>

    <p class='ocr_par' dir='ltr' id='par_1_3' title="bbox 113 277 1125 400">
     <span class='ocr_line' id='line_1_5' title="bbox 113 277 1123 315; baseline -0.002 -7"><span class='ocrx_word' id='word_1_35' title='bbox 113 281 128 308; x_wconf 88' lang='grc'><strong>7</strong></span> <span class='ocrx_word' id='word_1_36' title='bbox 211 279 257 315; x_wconf 78' lang='lat'>(2)</span> <span class='ocrx_word' id='word_1_37' title='bbox 279 278 324 308; x_wconf 92' lang='lat' dir='ltr'>lbi</span> <span class='ocrx_word' id='word_1_38' title='bbox 339 278 382 307; x_wconf 90' lang='lat' dir='ltr'>illi</span> <span class='ocrx_word' id='word_1_39' title='bbox 396 278 512 307; x_wconf 68' lang='lat' dir='ltr'>litterae</span> <span class='ocrx_word' id='word_1_40' title='bbox 528 285 546 306; x_wconf 80' lang='lat' dir='ltr'>a</span> <span class='ocrx_word' id='word_1_41' title='bbox 561 278 658 307; x_wconf 80' lang='lat' dir='ltr'>Dareo</span> <span class='ocrx_word' id='word_1_42' title='bbox 674 278 857 312; x_wconf 83' lang='lat' dir='ltr'>redduntur,</span> <span class='ocrx_word' id='word_1_43' title='bbox 883 277 1010 314; x_wconf 86' lang='lat' dir='ltr'>quibus,</span> <span class='ocrx_word' id='word_1_44' title='bbox 1026 282 1058 306; x_wconf 81' lang='lat' dir='ltr'>ut</span> <span class='ocrx_word' id='word_1_45' title='bbox 1073 285 1123 306; x_wconf 87' lang='lat' dir='ltr'>su-</span> 
     </span>
     <span class='ocr_line' id='line_1_6' title="bbox 132 319 1125 358; baseline -0.003 -7"><span class='ocrx_word' id='word_1_46' title='bbox 132 321 228 358; x_wconf 89' lang='lat' dir='ltr'>perbe</span> <span class='ocrx_word' id='word_1_47' title='bbox 244 319 382 357; x_wconf 77' lang='lat' dir='ltr'>scriptis,</span> <span class='ocrx_word' id='word_1_48' title='bbox 404 319 602 349; x_wconf 81' lang='lat' dir='ltr'>vehementer</span> <span class='ocrx_word' id='word_1_49' title='bbox 617 319 756 349; x_wconf 85' lang='lat' dir='ltr'>offensus</span> <span class='ocrx_word' id='word_1_50' title='bbox 772 323 828 348; x_wconf 82' lang='lat' dir='ltr'>est.</span> <span class='ocrx_word' id='word_1_51' title='bbox 871 319 1039 356; x_wconf 81' lang='lat' dir='ltr'>Praecipue</span> <span class='ocrx_word' id='word_1_52' title='bbox 1055 327 1125 348; x_wconf 89' lang='lat' dir='ltr'>eum</span> 
     </span>
     <span class='ocr_line' id='line_1_7' title="bbox 132 360 1124 400; baseline -0.003 -8"><span class='ocrx_word' id='word_1_53' title='bbox 132 363 236 399; x_wconf 83' lang='lat' dir='ltr'>movit,</span> <span class='ocrx_word' id='word_1_54' title='bbox 252 362 335 400; x_wconf 91' lang='lat' dir='ltr'>quod</span> <span class='ocrx_word' id='word_1_55' title='bbox 349 362 465 391; x_wconf 74' lang='lat' dir='ltr'>Dareus</span> <span class='ocrx_word' id='word_1_56' title='bbox 481 360 540 391; x_wconf 90' lang='lat' dir='ltr'>sibi</span> <span class='ocrx_word' id='word_1_57' title='bbox 555 360 636 397; x_wconf 82' lang='lat' dir='ltr'>regis</span> <span class='ocrx_word' id='word_1_58' title='bbox 651 361 766 391; x_wconf 78' lang='lat' dir='ltr'>titulum</span> <span class='ocrx_word' id='word_1_59' title='bbox 779 369 835 390; x_wconf 89' lang='lat' dir='ltr'>nec</span> <span class='ocrx_word' id='word_1_60' title='bbox 848 361 979 390; x_wconf 86' lang='lat' dir='ltr'>eundem</span> <span class='ocrx_word' id='word_1_61' title='bbox 991 361 1124 390; x_wconf 83' lang='lat' dir='ltr'>Alexan-</span> 
     </span>
    </p>

    <p class='ocr_par' dir='ltr' id='par_1_4' title="bbox 107 403 1124 524">
     <span class='ocr_line' id='line_1_8' title="bbox 107 403 1123 439; baseline -0.003 -5"><span class='ocrx_word' id='word_1_62' title='bbox 107 405 178 435; x_wconf 83' lang='lat' dir='ltr'>8dri</span> <span class='ocrx_word' id='word_1_63' title='bbox 199 404 312 434; x_wconf 89' lang='lat' dir='ltr'>nomini</span> <span class='ocrx_word' id='word_1_64' title='bbox 328 403 545 439; x_wconf 72' lang='lat' dir='ltr'>adscripserat.</span> <span class='ocrx_word' id='word_1_65' title='bbox 588 403 764 432; x_wconf 78' lang='lat' dir='ltr'>Postulabat</span> <span class='ocrx_word' id='word_1_66' title='bbox 780 408 880 432; x_wconf 77' lang='lat' dir='ltr'>autem</span> <span class='ocrx_word' id='word_1_67' title='bbox 896 403 1009 439; x_wconf 80' lang='lat' dir='ltr'>magis,</span> <span class='ocrx_word' id='word_1_68' title='bbox 1031 411 1123 439; x_wconf 77' lang='lat' dir='ltr'>quani</span> 
     </span>
     <span class='ocr_line' id='line_1_9' title="bbox 134 444 1124 485; baseline -0.003 -9"><span class='ocrx_word' id='word_1_69' title='bbox 134 447 270 484; x_wconf 75' lang='lat' dir='ltr'>petebat,</span> <span class='ocrx_word' id='word_1_70' title='bbox 291 449 337 480; x_wconf 79' lang='lat' dir='ltr'>ut,</span> <span class='ocrx_word' id='word_1_71' title='bbox 354 448 482 485; x_wconf 83' lang='lat' dir='ltr'>accepta</span> <span class='ocrx_word' id='word_1_72' title='bbox 497 445 642 481; x_wconf 81' lang='lat' dir='ltr'>pecunia,</span> <span class='ocrx_word' id='word_1_73' title='bbox 661 450 929 482; x_wconf 80' lang='lat' dir='ltr'>quantamcunque</span> <span class='ocrx_word' id='word_1_74' title='bbox 945 449 1007 474; x_wconf 76' lang='lat' dir='ltr'>tola</span> <span class='ocrx_word' id='word_1_75' title='bbox 1022 444 1124 473; x_wconf 85' lang='lat' dir='ltr'>Maee-</span> 
     </span>
     <span class='ocr_line' id='line_1_10' title="bbox 133 486 1124 524; baseline -0.003 -6"><span class='ocrx_word' id='word_1_76' title='bbox 133 488 225 518; x_wconf 82' lang='lat' dir='ltr'>donia</span> <span class='ocrx_word' id='word_1_77' title='bbox 240 492 379 524; x_wconf 74' lang='lat' dir='ltr'>caperet,</span> <span class='ocrx_word' id='word_1_78' title='bbox 398 491 523 516; x_wconf 77' lang='lat' dir='ltr'>matrem</span> <span class='ocrx_word' id='word_1_79' title='bbox 543 486 601 516; x_wconf 85' lang='lat' dir='ltr'>sibi</span> <span class='ocrx_word' id='word_1_80' title='bbox 622 491 652 515; x_wconf 77' lang='lat' dir='ltr'>el</span> <span class='ocrx_word' id='word_1_81' title='bbox 667 486 828 523; x_wconf 87' lang='lat' dir='ltr'>coniugem</span> <span class='ocrx_word' id='word_1_82' title='bbox 845 486 1021 522; x_wconf 86' lang='lat' dir='ltr'>liberosque</span> <span class='ocrx_word' id='word_1_83' title='bbox 1036 486 1124 516; x_wconf 80' lang='lat' dir='ltr'>resti-</span> 
     </span>
    </p>

    <p class='ocr_par' dir='ltr' id='par_1_5' title="bbox 107 527 1124 690">
     <span class='ocr_line' id='line_1_11' title="bbox 107 527 1124 565; baseline -0.004 -4"><span class='ocrx_word' id='word_1_84' title='bbox 107 534 243 561; x_wconf 69' lang='lat' dir='ltr'>9tueret:</span> <span class='ocrx_word' id='word_1_85' title='bbox 265 530 303 558; x_wconf 92' lang='lat' dir='ltr'>de</span> <span class='ocrx_word' id='word_1_86' title='bbox 319 537 413 565; x_wconf 82' lang='lat' dir='ltr'>regno</span> <span class='ocrx_word' id='word_1_87' title='bbox 430 537 544 565; x_wconf 79' lang='lat' dir='ltr'>aequo,</span> <span class='ocrx_word' id='word_1_88' title='bbox 562 528 588 557; x_wconf 86' lang='lat' dir='ltr'>si</span> <span class='ocrx_word' id='word_1_89' title='bbox 603 529 708 563; x_wconf 81' lang='lat' dir='ltr'>vellet,</span> <span class='ocrx_word' id='word_1_90' title='bbox 730 528 826 557; x_wconf 70' lang='lat' dir='ltr'>Marte</span> <span class='ocrx_word' id='word_1_91' title='bbox 843 528 1050 557; x_wconf 72' lang='lat' dir='ltr'>contenderet.</span> <span class='ocrx_word' id='word_1_92' title='bbox 1092 527 1124 557; x_wconf 86' lang='lat' dir='ltr'>Si</span> 
     </span>
     <span class='ocr_line' id='line_1_12' title="bbox 133 569 1124 607; baseline -0.002 -6"><span class='ocrx_word' id='word_1_93' title='bbox 133 571 256 601; x_wconf 82' lang='lat' dir='ltr'>saniora</span> <span class='ocrx_word' id='word_1_94' title='bbox 271 570 400 600; x_wconf 80' lang='lat' dir='ltr'>consilia</span> <span class='ocrx_word' id='word_1_95' title='bbox 416 571 538 600; x_wconf 79' lang='lat' dir='ltr'>tandem</span> <span class='ocrx_word' id='word_1_96' title='bbox 560 569 621 607; x_wconf 80' lang='lat' dir='ltr'>pati</span> <span class='ocrx_word' id='word_1_97' title='bbox 642 570 809 607; x_wconf 74' lang='lat' dir='ltr'>potuisset,</span> <span class='ocrx_word' id='word_1_98' title='bbox 832 574 993 599; x_wconf 82' lang='lat' dir='ltr'>contentus</span> <span class='ocrx_word' id='word_1_99' title='bbox 1015 569 1124 606; x_wconf 80' lang='lat' dir='ltr'>patrio,</span> 
     </span>
     <span class='ocr_line' id='line_1_13' title="bbox 134 611 1123 649; baseline -0.003 -6"><span class='ocrx_word' id='word_1_100' title='bbox 134 613 258 643; x_wconf 83' lang='lat' dir='ltr'>cederet</span> <span class='ocrx_word' id='word_1_101' title='bbox 271 612 362 642; x_wconf 84' lang='lat' dir='ltr'>alieni</span> <span class='ocrx_word' id='word_1_102' title='bbox 378 611 496 649; x_wconf 82' lang='lat' dir='ltr'>imperii</span> <span class='ocrx_word' id='word_1_103' title='bbox 513 612 640 641; x_wconf 86' lang='lat' dir='ltr'>finibus:</span> <span class='ocrx_word' id='word_1_104' title='bbox 658 612 762 642; x_wconf 88' lang='lat' dir='ltr'>socius</span> <span class='ocrx_word' id='word_1_105' title='bbox 778 611 958 649; x_wconf 82' lang='lat' dir='ltr'>amicusque</span> <span class='ocrx_word' id='word_1_106' title='bbox 973 615 1067 641; x_wconf 82' lang='lat' dir='ltr'>esset.</span> <span class='ocrx_word' id='word_1_107' title='bbox 1090 611 1123 640; x_wconf 94' lang='lat' dir='ltr'>In</span> 
     </span>
     <span class='ocr_line' id='line_1_14' title="bbox 135 654 830 690; baseline -0.003 -6"><span class='ocrx_word' id='word_1_108' title='bbox 135 663 172 684; x_wconf 84' lang='lat' dir='ltr'>ea</span> <span class='ocrx_word' id='word_1_109' title='bbox 188 663 222 684; x_wconf 84' lang='lat' dir='ltr'>se</span> <span class='ocrx_word' id='word_1_110' title='bbox 241 655 333 684; x_wconf 85' lang='lat' dir='ltr'>fidem</span> <span class='ocrx_word' id='word_1_111' title='bbox 349 659 378 683; x_wconf 71' lang='lat' dir='ltr'>el</span> <span class='ocrx_word' id='word_1_112' title='bbox 392 655 465 683; x_wconf 83' lang='lat' dir='ltr'>dare</span> <span class='ocrx_word' id='word_1_113' title='bbox 481 658 619 690; x_wconf 81' lang='lat' dir='ltr'>paratum</span> <span class='ocrx_word' id='word_1_114' title='bbox 635 658 665 683; x_wconf 73' lang='lat' dir='ltr'>et</span> <span class='ocrx_word' id='word_1_115' title='bbox 679 654 830 690; x_wconf 85' lang='lat' dir='ltr'>accipere.</span> 
     </span>
    </p>

    <p class='ocr_par' dir='ltr' id='par_1_6' title="bbox 93 694 1126 857">
     <span class='ocr_line' id='line_1_15' title="bbox 93 694 1123 732; baseline -0.003 -6"><span class='ocrx_word' id='word_1_116' title='bbox 93 701 127 727; x_wconf 89' lang='lat'>10</span> <span class='ocrx_word' id='word_1_117' title='bbox 216 696 326 726; x_wconf 75' lang='lat' dir='ltr'>Contra</span> <span class='ocrx_word' id='word_1_118' title='bbox 342 696 517 724; x_wconf 79' lang='lat' dir='ltr'>Alexander</span> <span class='ocrx_word' id='word_1_119' title='bbox 528 694 559 724; x_wconf 84' lang='lat' dir='ltr'>in</span> <span class='ocrx_word' id='word_1_120' title='bbox 570 696 650 724; x_wconf 88' lang='lat' dir='ltr'>hune</span> <span class='ocrx_word' id='word_1_121' title='bbox 666 695 796 724; x_wconf 85' lang='lat' dir='ltr'>maxime</span> <span class='ocrx_word' id='word_1_122' title='bbox 809 696 932 724; x_wconf 78' lang='lat' dir='ltr'>niodum</span> <span class='ocrx_word' id='word_1_123' title='bbox 950 695 1123 732; x_wconf 77' lang='lat' dir='ltr'>rescripsit:</span> 
     </span>
     <span class='ocr_line' id='line_1_16' title="bbox 134 738 1125 774; baseline -0.002 -6"><span class='ocrx_word' id='word_1_124' title='bbox 134 739 202 768; x_wconf 82' lang='lat' dir='ltr'>Rex</span> <span class='ocrx_word' id='word_1_125' title='bbox 208 738 382 767; x_wconf 80' lang='lat' dir='ltr'>Alexander</span> <span class='ocrx_word' id='word_1_126' title='bbox 393 738 500 767; x_wconf 74' lang='lat' dir='ltr'>Dareo.</span> <span class='ocrx_word' id='word_1_127' title='bbox 513 738 602 766; x_wconf 83' lang='lat' dir='ltr'>Cuius</span> <span class='ocrx_word' id='word_1_128' title='bbox 613 746 716 766; x_wconf 83' lang='lat' dir='ltr'>nomen</span> <span class='ocrx_word' id='word_1_129' title='bbox 728 739 883 774; x_wconf 73' lang='lat' dir='ltr'>sumpsisti,</span> <span class='ocrx_word' id='word_1_130' title='bbox 896 738 1012 767; x_wconf 76' lang='lat' dir='ltr'>Dareus</span> <span class='ocrx_word' id='word_1_131' title='bbox 1026 738 1125 766; x_wconf 80' lang='lat' dir='ltr'>Grae-</span> 
     </span>
     <span class='ocr_line' id='line_1_17' title="bbox 132 779 1126 816; baseline -0.003 -6"><span class='ocrx_word' id='word_1_132' title='bbox 132 788 193 815; x_wconf 85' lang='lat' dir='ltr'>cos,</span> <span class='ocrx_word' id='word_1_133' title='bbox 206 781 258 816; x_wconf 79' lang='lat' dir='ltr'>qui</span> <span class='ocrx_word' id='word_1_134' title='bbox 267 788 350 808; x_wconf 88' lang='lat' dir='ltr'>oram</span> <span class='ocrx_word' id='word_1_135' title='bbox 363 779 546 816; x_wconf 78' lang='lat' dir='ltr'>Hellesponti</span> <span class='ocrx_word' id='word_1_136' title='bbox 555 783 659 814; x_wconf 80' lang='lat' dir='ltr'>tenent,</span> <span class='ocrx_word' id='word_1_137' title='bbox 675 781 862 815; x_wconf 79' lang='lat' dir='ltr'>coloniasque</span> <span class='ocrx_word' id='word_1_138' title='bbox 875 780 1056 808; x_wconf 80' lang='lat' dir='ltr'>Graecorum</span> <span class='ocrx_word' id='word_1_139' title='bbox 1070 779 1126 807; x_wconf 92' lang='lat' dir='ltr'>Io-</span> 
     </span>
     <span class='ocr_line' id='line_1_18' title="bbox 132 821 1126 857; baseline -0.002 -6"><span class='ocrx_word' id='word_1_140' title='bbox 132 823 198 851; x_wconf 83' lang='lat' dir='ltr'>nias</span> <span class='ocrx_word' id='word_1_141' title='bbox 214 823 294 851; x_wconf 87' lang='lat' dir='ltr'>omni</span> <span class='ocrx_word' id='word_1_142' title='bbox 305 822 392 850; x_wconf 84' lang='lat' dir='ltr'>clade</span> <span class='ocrx_word' id='word_1_143' title='bbox 408 822 547 850; x_wconf 78' lang='lat' dir='ltr'>vastavit.-</span> <span class='ocrx_word' id='word_1_144' title='bbox 570 830 636 850; x_wconf 85' lang='lat' dir='ltr'>cum</span> <span class='ocrx_word' id='word_1_145' title='bbox 654 829 761 857; x_wconf 72' lang='lat' dir='ltr'>maqno</span> <span class='ocrx_word' id='word_1_146' title='bbox 779 821 886 850; x_wconf 82' lang='lat' dir='ltr'>deinde</span> <span class='ocrx_word' id='word_1_147' title='bbox 896 822 1029 850; x_wconf 78' lang='lat' dir='ltr'>exercitu</span> <span class='ocrx_word' id='word_1_148' title='bbox 1042 828 1126 849; x_wconf 84' lang='lat' dir='ltr'>mare</span> 
     </span>
    </p>

    <p class='ocr_par' dir='ltr' id='par_1_7' title="bbox 94 862 1126 1024">
     <span class='ocr_line' id='line_1_19' title="bbox 94 862 1125 898; baseline -0.002 -5"><span class='ocrx_word' id='word_1_149' title='bbox 94 868 124 894; x_wconf 89' lang='lat'>11</span> <span class='ocrx_word' id='word_1_150' title='bbox 135 865 256 895; x_wconf 75' lang='lat' dir='ltr'>traiecit.</span> <span class='ocrx_word' id='word_1_151' title='bbox 268 865 349 892; x_wconf 82' lang='lat' dir='ltr'>illato</span> <span class='ocrx_word' id='word_1_152' title='bbox 360 862 556 892; x_wconf 76' lang='lat' dir='ltr'>Macedoniae</span> <span class='ocrx_word' id='word_1_153' title='bbox 567 867 595 892; x_wconf 86' lang='lat' dir='ltr'>et</span> <span class='ocrx_word' id='word_1_154' title='bbox 608 864 752 892; x_wconf 78' lang='lat' dir='ltr'>Graeciae</span> <span class='ocrx_word' id='word_1_155' title='bbox 767 863 848 892; x_wconf 87' lang='lat' dir='ltr'>bello.</span> <span class='ocrx_word' id='word_1_156' title='bbox 867 863 984 892; x_wconf 79' lang='lat' dir='ltr'><em>Rursus</em></span> <span class='ocrx_word' id='word_1_157' title='bbox 995 862 1125 898; x_wconf 78' lang='lat' dir='ltr'>Xerxes,</span> 
     </span>
     <span class='ocr_line' id='line_1_20' title="bbox 130 905 1124 942; baseline -0.002 -7"><span class='ocrx_word' id='word_1_158' title='bbox 130 907 226 942; x_wconf 72' lang='lat' dir='ltr'>yentis</span> <span class='ocrx_word' id='word_1_159' title='bbox 242 905 385 939; x_wconf 69' lang='lat' dir='ltr'>eamdem,</span> <span class='ocrx_word' id='word_1_160' title='bbox 405 905 447 933; x_wconf 83' lang='lat' dir='ltr'>ad</span> <span class='ocrx_word' id='word_1_161' title='bbox 458 905 673 941; x_wconf 72' lang='lat' dir='ltr'>oppuqnandos</span> <span class='ocrx_word' id='word_1_162' title='bbox 685 913 737 933; x_wconf 83' lang='lat' dir='ltr'>nos</span> <span class='ocrx_word' id='word_1_163' title='bbox 751 913 816 933; x_wconf 86' lang='lat' dir='ltr'>cum</span> <span class='ocrx_word' id='word_1_164' title='bbox 829 906 999 934; x_wconf 73' lang='lat' dir='ltr'><em>immanium</em></span> <span class='ocrx_word' id='word_1_165' title='bbox 1011 905 1124 933; x_wconf 80' lang='lat' dir='ltr'>barba-</span> 
     </span>
     <span class='ocr_line' id='line_1_21' title="bbox 132 947 1126 983; baseline -0.002 -7"><span class='ocrx_word' id='word_1_166' title='bbox 132 955 233 977; x_wconf 84' lang='lat' dir='ltr'>rorum</span> <span class='ocrx_word' id='word_1_167' title='bbox 254 948 347 983; x_wconf 79' lang='lat' dir='ltr'>copiis</span> <span class='ocrx_word' id='word_1_168' title='bbox 367 949 459 976; x_wconf 75' lang='lat' dir='ltr'>venit.-</span> <span class='ocrx_word' id='word_1_169' title='bbox 482 948 533 982; x_wconf 81' lang='lat' dir='ltr'>qui</span> <span class='ocrx_word' id='word_1_170' title='bbox 553 948 655 975; x_wconf 81' lang='lat' dir='ltr'>navali</span> <span class='ocrx_word' id='word_1_171' title='bbox 672 948 785 983; x_wconf 77' lang='lat' dir='ltr'>proelio</span> <span class='ocrx_word' id='word_1_172' title='bbox 808 947 898 975; x_wconf 77' lang='lat' dir='ltr'>victus</span> <span class='ocrx_word' id='word_1_173' title='bbox 933 947 1126 975; x_wconf 79' lang='lat' dir='ltr'><em>Mardonium</em></span> 
     </span>
     <span class='ocr_line' id='line_1_22' title="bbox 133 989 1125 1024; baseline -0.002 -6"><span class='ocrx_word' id='word_1_174' title='bbox 133 993 229 1018; x_wconf 82' lang='lat' dir='ltr'>tamen</span> <span class='ocrx_word' id='word_1_175' title='bbox 251 990 370 1024; x_wconf 81' lang='lat' dir='ltr'>reliquit</span> <span class='ocrx_word' id='word_1_176' title='bbox 390 991 420 1017; x_wconf 82' lang='lat' dir='ltr'>in</span> <span class='ocrx_word' id='word_1_177' title='bbox 445 989 586 1021; x_wconf 75' lang='lat' dir='ltr'>Graecia,</span> <span class='ocrx_word' id='word_1_178' title='bbox 616 992 647 1017; x_wconf 78' lang='lat' dir='ltr'>ut</span> <span class='ocrx_word' id='word_1_179' title='bbox 670 989 773 1017; x_wconf 82' lang='lat' dir='ltr'>absens</span> <span class='ocrx_word' id='word_1_180' title='bbox 796 996 909 1024; x_wconf 78' lang='lat' dir='ltr'>quoque</span> <span class='ocrx_word' id='word_1_181' title='bbox 928 990 1125 1024; x_wconf 74' lang='lat' dir='ltr'>popularetur</span> 
     </span>
    </p>

    <p class='ocr_par' dir='ltr' id='par_1_8' title="bbox 97 1030 1126 1232">
     <span class='ocr_line' id='line_1_23' title="bbox 97 1030 1126 1066; baseline -0.002 -6"><span class='ocrx_word' id='word_1_182' title='bbox 97 1035 126 1060; x_wconf 63' lang='lat'>⁵2</span> <span class='ocrx_word' id='word_1_183' title='bbox 134 1031 233 1063; x_wconf 82' lang='lat' dir='ltr'>urbes,</span> <span class='ocrx_word' id='word_1_184' title='bbox 251 1038 339 1066; x_wconf 73' lang='lat' dir='ltr'>aqros</span> <span class='ocrx_word' id='word_1_185' title='bbox 353 1034 459 1059; x_wconf 81' lang='lat' dir='ltr'>ureret.</span> <span class='ocrx_word' id='word_1_186' title='bbox 502 1030 671 1066; x_wconf 75' lang='lat' dir='ltr'>Philippum</span> <span class='ocrx_word' id='word_1_187' title='bbox 683 1038 759 1063; x_wconf 82' lang='lat' dir='ltr'>vero,</span> <span class='ocrx_word' id='word_1_188' title='bbox 776 1036 930 1066; x_wconf 75' lang='lat' dir='ltr'>parentem</span> <span class='ocrx_word' id='word_1_189' title='bbox 943 1038 1045 1063; x_wconf 83' lang='lat' dir='ltr'>meum,</span> <span class='ocrx_word' id='word_1_190' title='bbox 1061 1031 1126 1066; x_wconf 81' lang='lat' dir='ltr'>quis</span> 
     </span>
     <span class='ocr_line' id='line_1_24' title="bbox 132 1072 1125 1108; baseline 0 -8"><span class='ocrx_word' id='word_1_191' title='bbox 132 1074 249 1108; x_wconf 62' lang='lat' dir='ltr'>ignorat</span> <span class='ocrx_word' id='word_1_192' title='bbox 267 1072 304 1100; x_wconf 85' lang='lat' dir='ltr'>ab</span> <span class='ocrx_word' id='word_1_193' title='bbox 322 1072 367 1100; x_wconf 79' lang='lat' dir='ltr'>his</span> <span class='ocrx_word' id='word_1_194' title='bbox 383 1072 568 1106; x_wconf 81' lang='lat' dir='ltr'>intersectum</span> <span class='ocrx_word' id='word_1_195' title='bbox 586 1080 661 1105; x_wconf 87' lang='lat' dir='ltr'>esse,</span> <span class='ocrx_word' id='word_1_196' title='bbox 685 1079 756 1107; x_wconf 81' lang='lat' dir='ltr'>quos</span> <span class='ocrx_word' id='word_1_197' title='bbox 773 1073 898 1107; x_wconf 72' lang='lat' dir='ltr'>inqentis</span> <span class='ocrx_word' id='word_1_198' title='bbox 912 1073 1059 1108; x_wconf 80' lang='lat' dir='ltr'>pecuniae</span> <span class='ocrx_word' id='word_1_199' title='bbox 1073 1080 1125 1107; x_wconf 78' lang='lat' dir='ltr'>spe</span> 
     </span>
     <span class='ocr_line' id='line_1_25' title="bbox 133 1111 1125 1150; baseline -0.001 -8"><span class='ocrx_word' id='word_1_200' title='bbox 133 1115 362 1143; x_wconf 79' lang='lat' dir='ltr'>sollicitaverant</span> <span class='ocrx_word' id='word_1_201' title='bbox 370 1111 477 1141; x_wconf 83' lang='lat' dir='ltr'>vestri?</span> <span class='ocrx_word' id='word_1_202' title='bbox 488 1112 585 1149; x_wconf 82' lang='lat' dir='ltr'>Impia</span> <span class='ocrx_word' id='word_1_203' title='bbox 593 1114 669 1142; x_wconf 82' lang='lat' dir='ltr'>enim</span> <span class='ocrx_word' id='word_1_204' title='bbox 681 1114 757 1142; x_wconf 87' lang='lat' dir='ltr'>bella</span> <span class='ocrx_word' id='word_1_205' title='bbox 765 1114 911 1150; x_wconf 74' lang='lat' dir='ltr'>suscipitis</span> <span class='ocrx_word' id='word_1_206' title='bbox 918 1117 952 1148; x_wconf 82' lang='lat' dir='ltr'>et,</span> <span class='ocrx_word' id='word_1_207' title='bbox 965 1121 1054 1149; x_wconf 81' lang='lat' dir='ltr'>quum</span> <span class='ocrx_word' id='word_1_208' title='bbox 1065 1113 1125 1141; x_wconf 77' lang='lat' dir='ltr'>ha-</span> 
     </span>
     <span class='ocr_line' id='line_1_26' title="bbox 134 1155 1125 1191; baseline -0.001 -7"><span class='ocrx_word' id='word_1_209' title='bbox 134 1156 224 1184; x_wconf 84' lang='lat' dir='ltr'>beatis</span> <span class='ocrx_word' id='word_1_210' title='bbox 230 1162 325 1188; x_wconf 86' lang='lat' dir='ltr'>arma,</span> <span class='ocrx_word' id='word_1_211' title='bbox 337 1156 464 1183; x_wconf 75' lang='lat' dir='ltr'>licemini</span> <span class='ocrx_word' id='word_1_212' title='bbox 473 1155 597 1183; x_wconf 78' lang='lat' dir='ltr'>hostium</span> <span class='ocrx_word' id='word_1_213' title='bbox 610 1156 710 1191; x_wconf 80' lang='lat' dir='ltr'>capita</span> <span class='ocrx_word' id='word_1_214' title='bbox 718 1166 727 1183; x_wconf 91' lang='lat'>.·</span> <span class='ocrx_word' id='word_1_215' title='bbox 738 1156 812 1183; x_wconf 83' lang='lat' dir='ltr'>sicut</span> <span class='ocrx_word' id='word_1_216' title='bbox 822 1158 851 1183; x_wconf 84' lang='lat' dir='ltr'>tu</span> <span class='ocrx_word' id='word_1_217' title='bbox 859 1156 998 1191; x_wconf 81' lang='lat' dir='ltr'>proxime</span> <span class='ocrx_word' id='word_1_218' title='bbox 1010 1155 1125 1184; x_wconf 71' lang='lat' dir='ltr'>talentis</span> 
     </span>
     <span class='ocr_line' id='line_1_27' title="bbox 134 1197 1124 1232; baseline -0.001 -6"><span class='ocrx_word' id='word_1_219' title='bbox 134 1198 226 1230; x_wconf 79' lang='lat' dir='ltr'>mille,</span> <span class='ocrx_word' id='word_1_220' title='bbox 244 1198 320 1225; x_wconf 86' lang='lat' dir='ltr'>tanti</span> <span class='ocrx_word' id='word_1_221' title='bbox 328 1197 475 1225; x_wconf 74' lang='lat' dir='ltr'>exercitus</span> <span class='ocrx_word' id='word_1_222' title='bbox 490 1205 560 1230; x_wconf 80' lang='lat' dir='ltr'>rex,</span> <span class='ocrx_word' id='word_1_223' title='bbox 582 1204 786 1232; x_wconf 75' lang='lat' dir='ltr'>percussorem</span> <span class='ocrx_word' id='word_1_224' title='bbox 797 1197 826 1224; x_wconf 86' lang='lat' dir='ltr'>in</span> <span class='ocrx_word' id='word_1_225' title='bbox 840 1204 884 1225; x_wconf 90' lang='lat' dir='ltr'>me</span> <span class='ocrx_word' id='word_1_226' title='bbox 895 1205 991 1226; x_wconf 86' lang='lat' dir='ltr'>emere</span> <span class='ocrx_word' id='word_1_227' title='bbox 1001 1198 1124 1225; x_wconf 81' lang='lat' dir='ltr'>voluisti.</span> 
     </span>
    </p>

    <p class='ocr_par' dir='ltr' id='par_1_9' title="bbox 97 1238 1126 1483">
     <span class='ocr_line' id='line_1_28' title="bbox 97 1238 1123 1275; baseline -0.001 -7"><span class='ocrx_word' id='word_1_228' title='bbox 97 1238 255 1274; x_wconf 82' lang='lat' dir='ltr'>13Repello</span> <span class='ocrx_word' id='word_1_229' title='bbox 267 1239 358 1274; x_wconf 61' lang='lat' dir='ltr'>igitur</span> <span class='ocrx_word' id='word_1_230' title='bbox 368 1238 481 1268; x_wconf 68' lang='lat' dir='ltr'>bellum,</span> <span class='ocrx_word' id='word_1_231' title='bbox 495 1245 552 1266; x_wconf 82' lang='lat' dir='ltr'>non</span> <span class='ocrx_word' id='word_1_232' title='bbox 565 1238 672 1273; x_wconf 83' lang='lat' dir='ltr'>insero.</span> <span class='ocrx_word' id='word_1_233' title='bbox 706 1238 745 1266; x_wconf 90' lang='lat' dir='ltr'>Et</span> <span class='ocrx_word' id='word_1_234' title='bbox 761 1238 804 1266; x_wconf 85' lang='lat' dir='ltr'>dii</span> <span class='ocrx_word' id='word_1_235' title='bbox 815 1247 928 1274; x_wconf 80' lang='lat' dir='ltr'>quoque</span> <span class='ocrx_word' id='word_1_236' title='bbox 938 1246 995 1275; x_wconf 83' lang='lat' dir='ltr'>pro</span> <span class='ocrx_word' id='word_1_237' title='bbox 1005 1239 1123 1267; x_wconf 73' lang='lat' dir='ltr'>meliore</span> 
     </span>
     <span class='ocr_line' id='line_1_29' title="bbox 133 1280 1124 1316; baseline -0.001 -7"><span class='ocrx_word' id='word_1_238' title='bbox 133 1284 212 1310; x_wconf 83' lang='lat' dir='ltr'>stant</span> <span class='ocrx_word' id='word_1_239' title='bbox 220 1287 329 1309; x_wconf 85' lang='lat' dir='ltr'>causa.-</span> <span class='ocrx_word' id='word_1_240' title='bbox 340 1287 478 1315; x_wconf 72' lang='lat' dir='ltr'>maynam</span> <span class='ocrx_word' id='word_1_241' title='bbox 489 1284 605 1315; x_wconf 82' lang='lat' dir='ltr'>partem</span> <span class='ocrx_word' id='word_1_242' title='bbox 617 1281 705 1308; x_wconf 77' lang='lat' dir='ltr'>Asiae</span> <span class='ocrx_word' id='word_1_243' title='bbox 717 1282 745 1308; x_wconf 86' lang='lat' dir='ltr'>in</span> <span class='ocrx_word' id='word_1_244' title='bbox 759 1280 896 1309; x_wconf 75' lang='lat' dir='ltr'>ditionem</span> <span class='ocrx_word' id='word_1_245' title='bbox 907 1281 1012 1316; x_wconf 75' lang='lat' dir='ltr'>redeqi</span> <span class='ocrx_word' id='word_1_246' title='bbox 1020 1288 1124 1315; x_wconf 85' lang='lat' dir='ltr'>meam,</span> 
     </span>
     <span class='ocr_line' id='line_1_30' title="bbox 135 1321 1123 1358; baseline -0.001 -7"><span class='ocrx_word' id='word_1_247' title='bbox 135 1326 162 1351; x_wconf 85' lang='lat' dir='ltr'>te</span> <span class='ocrx_word' id='word_1_248' title='bbox 172 1323 266 1358; x_wconf 84' lang='lat' dir='ltr'>ipsum</span> <span class='ocrx_word' id='word_1_249' title='bbox 277 1322 341 1350; x_wconf 83' lang='lat' dir='ltr'>acie</span> <span class='ocrx_word' id='word_1_250' title='bbox 353 1322 418 1350; x_wconf 81' lang='lat' dir='ltr'>vici.</span> <span class='ocrx_word' id='word_1_251' title='bbox 452 1321 540 1355; x_wconf 76' lang='lat' dir='ltr'>Quem</span> <span class='ocrx_word' id='word_1_252' title='bbox 552 1323 606 1350; x_wconf 84' lang='lat' dir='ltr'>etsi</span> <span class='ocrx_word' id='word_1_253' title='bbox 621 1323 696 1350; x_wconf 80' lang='lat' dir='ltr'>nihil</span> <span class='ocrx_word' id='word_1_254' title='bbox 706 1330 724 1350; x_wconf 86' lang='lat' dir='ltr'>a</span> <span class='ocrx_word' id='word_1_255' title='bbox 737 1330 782 1350; x_wconf 86' lang='lat' dir='ltr'>me</span> <span class='ocrx_word' id='word_1_256' title='bbox 794 1323 954 1358; x_wconf 73' lang='lat' dir='ltr'>impetrare</span> <span class='ocrx_word' id='word_1_257' title='bbox 965 1322 1123 1358; x_wconf 78' lang='lat' dir='ltr'>oportebat,</span> 
     </span>
     <span class='ocr_line' id='line_1_31' title="bbox 133 1363 1126 1400; baseline 0 -8"><span class='ocrx_word' id='word_1_258' title='bbox 133 1367 229 1400; x_wconf 78' lang='lat' dir='ltr'>utpote</span> <span class='ocrx_word' id='word_1_259' title='bbox 239 1365 335 1399; x_wconf 81' lang='lat' dir='ltr'>quine</span> <span class='ocrx_word' id='word_1_260' title='bbox 353 1363 422 1392; x_wconf 83' lang='lat' dir='ltr'>belli</span> <span class='ocrx_word' id='word_1_261' title='bbox 436 1364 552 1398; x_wconf 81' lang='lat' dir='ltr'>quidem</span> <span class='ocrx_word' id='word_1_262' title='bbox 571 1365 600 1392; x_wconf 84' lang='lat' dir='ltr'>in</span> <span class='ocrx_word' id='word_1_263' title='bbox 619 1372 664 1392; x_wconf 88' lang='lat' dir='ltr'>me</span> <span class='ocrx_word' id='word_1_264' title='bbox 680 1365 748 1393; x_wconf 81' lang='lat' dir='ltr'>iura</span> <span class='ocrx_word' id='word_1_265' title='bbox 766 1366 943 1398; x_wconf 73' lang='lat' dir='ltr'>servaveris,</span> <span class='ocrx_word' id='word_1_266' title='bbox 966 1368 1077 1399; x_wconf 82' lang='lat' dir='ltr'>tamen,</span> <span class='ocrx_word' id='word_1_267' title='bbox 1100 1365 1126 1392; x_wconf 88' lang='lat' dir='ltr'>si</span> 
     </span>
     <span class='ocr_line' id='line_1_32' title="bbox 134 1406 1126 1442; baseline 0.001 -9"><span class='ocrx_word' id='word_1_268' title='bbox 134 1406 246 1434; x_wconf 72' lang='lat' dir='ltr'>veneris</span> <span class='ocrx_word' id='word_1_269' title='bbox 259 1406 401 1442; x_wconf 76' lang='lat' dir='ltr'>supplex,</span> <span class='ocrx_word' id='word_1_270' title='bbox 424 1409 452 1433; x_wconf 85' lang='lat' dir='ltr'>et</span> <span class='ocrx_word' id='word_1_271' title='bbox 466 1409 588 1434; x_wconf 81' lang='lat' dir='ltr'>matrem</span> <span class='ocrx_word' id='word_1_272' title='bbox 603 1410 632 1434; x_wconf 88' lang='lat' dir='ltr'>et</span> <span class='ocrx_word' id='word_1_273' title='bbox 641 1407 792 1441; x_wconf 56' lang='lat' dir='ltr'>coniugem</span> <span class='ocrx_word' id='word_1_274' title='bbox 805 1409 833 1434; x_wconf 91' lang='lat' dir='ltr'>et</span> <span class='ocrx_word' id='word_1_275' title='bbox 842 1407 946 1435; x_wconf 87' lang='lat' dir='ltr'>liberos</span> <span class='ocrx_word' id='word_1_276' title='bbox 957 1407 1020 1434; x_wconf 88' lang='lat' dir='ltr'>sine</span> <span class='ocrx_word' id='word_1_277' title='bbox 1029 1407 1126 1441; x_wconf 80' lang='lat' dir='ltr'>pretio</span> 
     </span>
     <span class='ocr_line' id='line_1_33' title="bbox 133 1447 1124 1483; baseline 0 -7"><span class='ocrx_word' id='word_1_278' title='bbox 133 1451 319 1483; x_wconf 80' lang='lat' dir='ltr'>recepturum</span> <span class='ocrx_word' id='word_1_279' title='bbox 329 1455 391 1476; x_wconf 86' lang='lat' dir='ltr'>esse</span> <span class='ocrx_word' id='word_1_280' title='bbox 400 1448 545 1483; x_wconf 76' lang='lat' dir='ltr'>promitto.</span> <span class='ocrx_word' id='word_1_281' title='bbox 578 1447 618 1475; x_wconf 88' lang='lat' dir='ltr'>Et</span> <span class='ocrx_word' id='word_1_282' title='bbox 634 1449 750 1476; x_wconf 80' lang='lat' dir='ltr'>vincere</span> <span class='ocrx_word' id='word_1_283' title='bbox 761 1451 789 1475; x_wconf 86' lang='lat' dir='ltr'>et</span> <span class='ocrx_word' id='word_1_284' title='bbox 799 1450 950 1476; x_wconf 83' lang='lat' dir='ltr'>consulere</span> <span class='ocrx_word' id='word_1_285' title='bbox 963 1448 1044 1476; x_wconf 82' lang='lat' dir='ltr'>victis</span> <span class='ocrx_word' id='word_1_286' title='bbox 1055 1448 1124 1476; x_wconf 87' lang='lat' dir='ltr'>scio.</span> 
     </span>
    </p>

    <p class='ocr_par' dir='ltr' id='par_1_10' title="bbox 95 1488 1125 1566">
     <span class='ocr_line' id='line_1_34' title="bbox 95 1488 1125 1525; baseline -0.001 -7"><span class='ocrx_word' id='word_1_287' title='bbox 95 1492 127 1518; x_wconf 72' lang='lat'>14</span> <span class='ocrx_word' id='word_1_288' title='bbox 137 1488 219 1523; x_wconf 79' lang='lat' dir='ltr'>Quod</span> <span class='ocrx_word' id='word_1_289' title='bbox 233 1489 261 1517; x_wconf 87' lang='lat' dir='ltr'>si</span> <span class='ocrx_word' id='word_1_290' title='bbox 274 1492 302 1517; x_wconf 84' lang='lat' dir='ltr'>te</span> <span class='ocrx_word' id='word_1_291' title='bbox 318 1490 494 1517; x_wconf 87' lang='lat' dir='ltr'>committere</span> <span class='ocrx_word' id='word_1_292' title='bbox 513 1489 594 1517; x_wconf 83' lang='lat' dir='ltr'>nobis</span> <span class='ocrx_word' id='word_1_293' title='bbox 605 1490 700 1521; x_wconf 83' lang='lat' dir='ltr'>times,</span> <span class='ocrx_word' id='word_1_294' title='bbox 726 1489 860 1518; x_wconf 82' lang='lat' dir='ltr'>dabimus</span> <span class='ocrx_word' id='word_1_295' title='bbox 879 1490 982 1524; x_wconf 79' lang='lat' dir='ltr'>sidem,</span> <span class='ocrx_word' id='word_1_296' title='bbox 1006 1490 1125 1525; x_wconf 79' lang='lat' dir='ltr'>impune</span> 
     </span>
     <span class='ocr_line' id='line_1_35' title="bbox 133 1530 1124 1566; baseline 0 -7"><span class='ocrx_word' id='word_1_297' title='bbox 133 1534 294 1559; x_wconf 77' lang='lat' dir='ltr'>venturum.</span> <span class='ocrx_word' id='word_1_298' title='bbox 316 1530 361 1559; x_wconf 84' lang='lat' dir='ltr'>De</span> <span class='ocrx_word' id='word_1_299' title='bbox 371 1534 475 1564; x_wconf 86' lang='lat' dir='ltr'>cetero,</span> <span class='ocrx_word' id='word_1_300' title='bbox 488 1539 576 1566; x_wconf 81' lang='lat' dir='ltr'>quum</span> <span class='ocrx_word' id='word_1_301' title='bbox 588 1532 660 1559; x_wconf 79' lang='lat' dir='ltr'>mihi</span> <span class='ocrx_word' id='word_1_302' title='bbox 670 1531 787 1564; x_wconf 85' lang='lat' dir='ltr'>scribes,</span> <span class='ocrx_word' id='word_1_303' title='bbox 801 1536 948 1561; x_wconf 76' lang='lat' dir='ltr'>memento,</span> <span class='ocrx_word' id='word_1_304' title='bbox 962 1539 1019 1559; x_wconf 85' lang='lat' dir='ltr'>non</span> <span class='ocrx_word' id='word_1_305' title='bbox 1031 1532 1124 1559; x_wconf 82' lang='lat' dir='ltr'>solum</span> 
     </span>
    </p>

    <p class='ocr_par' dir='ltr' id='par_1_11' title="bbox 95 1572 1123 1650">
     <span class='ocr_line' id='line_1_36' title="bbox 95 1572 1123 1608; baseline 0 -7"><span class='ocrx_word' id='word_1_306' title='bbox 95 1574 242 1608; x_wconf 72' lang='lat' dir='ltr'>15reyite,</span> <span class='ocrx_word' id='word_1_307' title='bbox 254 1572 404 1601; x_wconf 77' lang='lat' dir='ltr'>sedetiam</span> <span class='ocrx_word' id='word_1_308' title='bbox 417 1576 464 1600; x_wconf 85' lang='lat' dir='ltr'>tuo</span> <span class='ocrx_word' id='word_1_309' title='bbox 475 1573 612 1601; x_wconf 77' lang='lat' dir='ltr'>scribere.</span> <span class='ocrx_word' id='word_1_310' title='bbox 645 1573 693 1601; x_wconf 88' lang='lat' dir='ltr'>Ad</span> <span class='ocrx_word' id='word_1_311' title='bbox 709 1572 787 1601; x_wconf 77' lang='lat' dir='ltr'>hane</span> <span class='ocrx_word' id='word_1_312' title='bbox 804 1573 1016 1608; x_wconf 83' lang='lat' dir='ltr'>perferendam</span> <span class='ocrx_word' id='word_1_313' title='bbox 1031 1572 1123 1601; x_wconf 84' lang='lat' dir='ltr'>Ther-</span> 
     </span>
     <span class='ocr_line' id='line_1_37' title="bbox 135 1612 443 1650; baseline -0.003 -7"><span class='ocrx_word' id='word_1_314' title='bbox 135 1612 243 1650; x_wconf 86' lang='lat' dir='ltr'>sippus</span> <span class='ocrx_word' id='word_1_315' title='bbox 259 1618 307 1643; x_wconf 84' lang='lat' dir='ltr'>est</span> <span class='ocrx_word' id='word_1_316' title='bbox 321 1613 443 1643; x_wconf 78' lang='lat' dir='ltr'>missus.</span> 
     </span>
    </p>

    <p class='ocr_par' dir='ltr' id='par_1_12' title="bbox 136 1653 1123 1734">
     <span class='ocr_line' id='line_1_38' title="bbox 215 1653 1123 1693; baseline 0.001 -9"><span class='ocrx_word' id='word_1_317' title='bbox 215 1653 261 1691; x_wconf 85' lang='lat'>(3)</span> <span class='ocrx_word' id='word_1_318' title='bbox 283 1656 354 1692; x_wconf 85' lang='lat' dir='ltr'>Ipse</span> <span class='ocrx_word' id='word_1_319' title='bbox 369 1655 399 1684; x_wconf 89' lang='lat' dir='ltr'>in</span> <span class='ocrx_word' id='word_1_320' title='bbox 415 1655 588 1685; x_wconf 82' lang='lat' dir='ltr'>Phoenicen</span> <span class='ocrx_word' id='word_1_321' title='bbox 606 1655 766 1685; x_wconf 74' lang='lat' dir='ltr'>descendit</span> <span class='ocrx_word' id='word_1_322' title='bbox 786 1660 816 1686; x_wconf 80' lang='lat' dir='ltr'>et</span> <span class='ocrx_word' id='word_1_323' title='bbox 837 1655 985 1693; x_wconf 87' lang='lat' dir='ltr'>oppidum</span> <span class='ocrx_word' id='word_1_324' title='bbox 1000 1655 1123 1693; x_wconf 86' lang='lat' dir='ltr'>Byblon</span> 
     </span>
     <span class='ocr_line' id='line_1_39' title="bbox 136 1696 1123 1734; baseline 0 -8"><span class='ocrx_word' id='word_1_325' title='bbox 136 1696 275 1727; x_wconf 82' lang='lat' dir='ltr'>traditum</span> <span class='ocrx_word' id='word_1_326' title='bbox 290 1697 414 1734; x_wconf 79' lang='lat' dir='ltr'>recepit.</span> <span class='ocrx_word' id='word_1_327' title='bbox 450 1698 522 1726; x_wconf 88' lang='lat' dir='ltr'>Inde</span> <span class='ocrx_word' id='word_1_328' title='bbox 544 1698 583 1726; x_wconf 78' lang='lat' dir='ltr'>ad</span> <span class='ocrx_word' id='word_1_329' title='bbox 599 1697 713 1727; x_wconf 80' lang='lat' dir='ltr'>Sid6na</span> <span class='ocrx_word' id='word_1_330' title='bbox 727 1702 850 1728; x_wconf 74' lang='lat' dir='ltr'>ventum</span> <span class='ocrx_word' id='word_1_331' title='bbox 865 1702 928 1733; x_wconf 85' lang='lat' dir='ltr'>cst,</span> <span class='ocrx_word' id='word_1_332' title='bbox 950 1697 1056 1727; x_wconf 90' lang='lat' dir='ltr'>urbem</span> <span class='ocrx_word' id='word_1_333' title='bbox 1070 1705 1123 1726; x_wconf 84' lang='lat' dir='ltr'>ve-</span> 
     </span>
    </p>
   </div>
  </div>
 </body>
</html>
