1215 1895
214 67 284 96 LlB.
301 66 338 94 V.
364 64 446 94 CAP.
464 63 496 99 11,
512 61 684 92 2o—CAP.
700 60 749 96 111,
766 64 806 91 17.
831 66 868 100 [v‚
888 70 961 92 9-12.
982 66 1019 100 z.]
1093 58 1134 89 85

144 143 224 172 Inter
238 141 315 170 baec
332 140 449 169 eminus
467 138 640 176 petebatur:
664 145 754 174 quem
777 136 929 167 testudine
945 136 1065 166 obiecta
1078 136 1134 166 mi-

145 183 228 220 lites,
252 182 342 221 [ubi],
364 185 397 211 ut
413 180 484 211 inde
500 180 637 216 cederet,
660 179 832 216 perpellere
853 178 1048 216 nequierant,
1071 182 1134 208 tue-

144 226 263 255 bantur.

104 273 136 299 10
225 266 293 302 (ll)
314 265 448 295 Tandem
463 264 583 293 Tauron
607 271 702 300 super
717 270 818 292 arcem
843 261 927 292 urbis
943 270 978 292 se
993 270 1061 292 cum
1077 270 1134 292 suo

146 309 266 346 agmine
288 306 436 338 ostendit:
455 306 495 335 ad
516 305 603 335 cuius
627 308 826 342 conspectum
849 308 878 334 et
896 303 1030 334 hostium
1044 303 1135 333 animi

105 357 135 382 11
145 350 248 380 labare
264 353 293 379 et
308 348 491 378 Macedones
507 347 609 377 acrius
624 346 774 384 proelium
789 345 864 375 inire
878 350 1056 382 coeperunt.
1071 347 1135 375 An-

147 401 222 429 ceps
238 390 410 429 oppidanos
427 390 539 419 malum
554 389 697 425 urgebat,
713 396 770 418 nec
786 387 853 418 sisti
867 387 914 417 vis
930 387 1064 417 hostium
1079 395 1135 424 po-

147 438 230 464 terat.
271 432 380 462 Paucis
395 432 434 461 ad
450 431 656 466 moriendum,
679 430 817 467 pluribus
838 430 878 458 ad
900 430 1002 466 fugam
1016 428 1134 459 animus

149 475 212 511 suit,
228 483 337 512 magna
351 482 422 511 pars
438 473 468 502 in
484 481 585 503 arcem
597 471 761 502 concessit.
784 472 859 500 Inde
871 471 952 501 XXX
964 471 1135 501 oratoribus

147 516 251 547 missis
267 517 306 546 ad
321 516 559 553 deprecandum,
574 514 660 544 triste
676 521 861 551 responsum
872 521 890 542 a
902 521 974 550 rege
989 512 1134 548 redditur,

107 563 138 590 12
145 567 205 589 non
220 566 291 588 esse
308 557 414 588 veniae
429 558 539 587 locum.
562 557 668 593 ltaque
681 554 903 593 suppliciorum
917 563 1041 592 quoque
1054 559 1135 584 metu

148 600 282 638 perculsi
303 600 342 629 ad
358 599 579 637 Sisygambim‚
606 597 695 627 Darei
718 601 858 632 matrem,
885 597 1006 626 occulto
1027 596 1136 626 itinere

148 643 314 680 ignotoque
330 641 470 671 hostibus
487 641 619 675 mittunt,
643 638 696 676 qui
712 642 864 676 peterent,
888 643 921 668 ut
943 638 1012 676 ipsa
1032 647 1137 676 regem

148 683 311 721 mitigaret,
334 683 416 713 haud
436 682 547 720 ignari,
572 681 708 719 parentis
731 689 797 710 eam
820 681 888 710 loco
905 680 990 718 diligi
1005 680 1136 718 colique.

148 727 184 756 Et
197 725 334 755 Madates
350 724 467 755 sororis
483 724 548 754 eius
562 723 653 753 filiam
666 731 771 753 secum
783 722 975 752 matrimonio
988 721 1137 759 iunxerat,

108 772 138 798 13
146 769 275 797 Dareum
291 765 466 803 propinqua
481 764 663 802 cognatione
678 764 868 801 contingens.
903 764 963 794 Diu
981 763 1133 803 Sisygam-

147 808 194 838 bis
210 808 384 845 supplicum
399 807 542 844 precibus
558 806 755 844 repugnavit,
777 806 930 842 abnuens,
946 805 1136 844 deprecatio-

148 858 216 880 nem
231 858 286 888 pro
302 849 361 879 illis
378 848 542 879 convenire
559 850 706 883 fortunae,
724 848 754 877 in
768 856 829 884 qua
841 852 938 878 esset:
955 848 1137 885 adiecitque,

149 897 284 922 metuere
300 899 379 927 sese,
398 899 435 920 ne
451 891 576 921 victoris
593 889 812 927 indulgentiam
829 889 981 927 fatigaret,
998 890 1138 928 saepius-

108 938 140 965 14
149 942 208 971 que
225 933 368 971 cogitare,
385 933 537 970 captivam
552 941 623 962 esse
639 941 682 967 se,
700 940 791 969 quam
805 931 941 969 reginam
958 931 1062 962 fuisse.
1088 932 1138 961 Ad

149 976 284 1006 ultimum
301 975 379 1005 victa
396 974 501 1004 litteris
516 975 724 1004 Alexandrum
740 974 780 1004 ita
796 974 961 1011 deprecata
976 979 1037 1009 est,
1061 978 1092 1003 ut
1107 973 1138 1003 id

150 1018 249 1055 ipsum
265 1021 442 1051 excusaret,
465 1017 548 1054 quod
570 1017 801 1053 deprecaretur:
825 1020 931 1053 petere
953 1024 1002 1051 se,
1024 1020 1057 1046 ut
1078 1015 1137 1045 illis

150 1068 285 1097 quoque,
302 1059 326 1089 si
343 1058 452 1094 minus,
470 1058 528 1088 sibi
543 1058 731 1095 ignosceret:
750 1066 805 1094 pro
822 1057 998 1087 necessario
1015 1066 1051 1087 ac
1067 1066 1136 1095 pro-

151 1101 265 1139 pinquo
289 1109 361 1135 suo,
383 1100 441 1129 iam
458 1109 518 1130 non
534 1100 636 1135 hoste,
660 1100 716 1129 sed
738 1099 893 1136 supplice,
916 1103 1031 1129 tantum
1046 1099 1138 1129 vitam

109 1149 140 1175 15
150 1142 278 1181 precari.
318 1142 559 1173 Moderationem
576 1141 828 1178 clementiamque
845 1141 942 1178 regis,
965 1150 1044 1179 quae
1066 1146 1137 1171 tunc

151 1185 220 1221 fuit,
235 1186 283 1214 vel
301 1192 360 1214 una
374 1184 450 1213 haec
464 1193 515 1214 res
531 1184 632 1221 possit
647 1184 825 1214 ostendere:
842 1192 902 1213 non
918 1183 1030 1213 Madati
1046 1184 1137 1213 modo

150 1227 280 1264 ignovit,
303 1226 359 1256 sed
382 1234 487 1255 omnes
511 1231 540 1255 et
556 1226 676 1255 deditos
693 1229 722 1255 et
738 1224 877 1262 captivos
893 1225 1030 1255 libertate
1046 1229 1138 1262 atque

150 1268 335 1299 immunitate
350 1267 488 1300 donavit,
517 1268 623 1297 urbem
642 1266 765 1304 reliquit
785 1267 941 1302 intactam,
964 1275 1055 1304 agros
1072 1267 1138 1297 sine

150 1311 261 1341 tributo
278 1309 379 1339 colere
395 1309 540 1346 permisit.
569 1311 595 1339 A
613 1310 727 1339 victore
750 1310 847 1339 Dareo
864 1310 951 1347 plura
966 1314 1062 1340 mater
1077 1317 1138 1339 non

149 1353 353 1390 impetrasset.

110 1399 140 1426 16
230 1393 297 1429 (12)
317 1393 464 1423 Uxiorum
480 1393 550 1423 dein
566 1398 685 1430 gentem
702 1395 859 1424 subactam
874 1392 1075 1423 Susianorum
1090 1401 1135 1422 sa-

150 1441 255 1473 trapae
271 1435 448 1465 contribuit:
463 1435 634 1473 divisisque
646 1444 713 1466 cum
729 1436 925 1466 Parmenione
942 1435 1040 1472 copiis
1056 1435 1138 1464 illurr.

151 1477 314 1515 campestri
330 1477 437 1507 itinere
453 1478 622 1514 procedere
638 1477 735 1511 iubet,
757 1478 825 1515 ipse
841 1486 909 1507 cuin
926 1477 1070 1514 expedito
1086 1485 1139 1514 ag-

149 1519 230 1549 mine
251 1520 354 1556 iugum
378 1519 523 1549 montium
547 1519 641 1556 cepit,
665 1528 794 1556 quorum
816 1524 997 1557 perpetuum
1013 1520 1138 1549 dorsum

108 1565 139 1593 17
148 1560 177 1591 in
193 1561 349 1590 Persidem
366 1561 508 1590 excurrit.
533 1560 619 1590 Omni
632 1561 688 1591 hac
703 1561 829 1598 regione
842 1565 967 1596 vastata,
986 1560 1072 1591 tertio
1088 1560 1139 1590 die

147 1602 313 1639 Persidem,
327 1602 431 1640 quinto
445 1603 613 1640 angustias,
630 1611 707 1639 quas
720 1603 761 1632 illi
774 1603 902 1633 Susidas
915 1604 1004 1640 pylas
1018 1606 1137 1637 vocant,

149 1645 247 1675 intrat.
283 1644 508 1675 Ariobarzanes
531 1645 587 1674 has
610 1653 678 1674 cum
694 1645 776 1674 XXV
791 1645 912 1675 milibus
935 1645 1071 1682 peditum
1087 1653 1138 1674 oc-

151 1691 315 1724 cupaverat
330 1695 424 1724 rupes
440 1686 598 1716 abscissas
614 1691 643 1716 et
659 1686 794 1724 undique
809 1692 1001 1725 praeruptas,
1017 1687 1047 1717 in
1065 1695 1135 1724 qua-
