1215 1905
48 91 108 122 110
389 92 421 127 Q.
445 91 599 121 CURTII
623 92 731 121 RUFI

47 166 205 203 angustiae
222 167 290 202 loci,
306 166 335 195 in
353 175 413 203 quo
429 167 570 196 haeserat
584 176 695 204 pugna,
712 176 772 197 non
785 167 974 204 patiebantur
985 173 1031 199 to-

47 208 84 237 tis
97 207 214 244 ingredi
226 207 357 237 viribus:
395 209 573 245 spectabant
585 217 657 246 ergo
671 209 784 245 plures,
800 217 890 246 quam
902 210 1031 241 inierant

46 249 209 286 proelium,
225 253 269 284 et,
287 248 338 285 qui
354 253 438 278 extra
454 249 504 279 teli
519 249 631 279 iactum
646 255 739 285 erant,
756 251 887 280 clamore
902 251 1032 281 invicem

5 292 11 298 “
47 299 120 320 suos
137 290 355 320 accendebant.

130 331 175 367 (2)
190 332 323 361 Tandem
334 332 487 361 Laconum
499 332 581 362 acies
594 334 802 370 languescere,
818 332 934 363 lubrica
948 341 1032 363 arma
1044 338 1071 364 11

48 374 160 402 sudore
175 373 227 402 vix
243 372 414 403 sustinens=
431 374 542 410 pedem
558 374 668 404 deinde
682 375 795 404 referre
812 374 914 411 coepit
929 378 967 411 et,
982 383 1030 404 ur-

46 418 136 451 gente
160 415 264 450 hoste,
293 414 428 451 apertius
457 415 570 452 fugere.
613 415 835 453 Insequcbatur
865 415 1032 452 dissipatos
1042 420 1074 446 12

46 456 143 485 victor
158 460 188 485 et
202 464 345 486 emensus
362 464 453 486 cursu
469 465 558 486 omne
574 457 720 494 spatium,
743 458 823 494 quod
840 457 923 487 acies
938 457 1031 487 Laco-

48 506 117 526 num
136 496 315 533 obtinuerat,
331 497 431 534 ipsum
443 498 522 535 Agin
536 499 786 535 persequebatur.
810 500 872 533 Ille,
888 503 920 528 ut
933 499 1033 535 fugam
1043 503 1074 529 13

47 547 171 568 suorum
188 543 216 568 et
232 539 390 575 proximos
406 539 537 569 hostium
554 540 728 576 conspexit,
750 540 863 577 deponi
880 548 913 569 se
928 539 1031 569 iussit:

47 584 255 617 expertusque
276 581 424 615 membra,
446 589 484 610 an
506 581 650 618 impetum
671 581 762 610 animi
785 580 873 618 sequi
895 586 1033 618 possent,

46 626 210 658 postquam
226 622 358 651 deficere
375 622 485 657 sensit,
503 622 669 659 poplitibus
685 627 781 652 semet
796 623 917 659 excepit
931 623 1030 659 galea-
1042 627 1075 652 14

47 671 106 700 que
128 667 251 692 strenue
274 668 408 700 sumpta,
437 664 546 701 clypeo
569 668 733 700 protegens
760 672 888 701 corpus,
914 664 1031 693 hastam

46 705 153 734 dextra
167 703 319 738 vibrabat,
336 705 414 734 ultro
432 713 547 735 vocans
563 706 691 741 hostem,
708 704 734 735 si
751 705 819 742 quis
835 704 944 734 iacenti
960 713 1031 742 spo-

46 745 85 775 lia
108 746 230 774 demere
254 746 388 775 auderet.
433 747 495 776 Nec
518 746 680 783 quisquam
701 746 769 782 suit,
796 746 847 783 qui
869 746 1072 776 sustineret15

46 787 216 816 comminus
230 787 383 824 congredi.
397 787 505 817 Procul
517 787 683 817 missilibus
696 789 904 824 appetebatur,
915 796 952 817 ea
962 788 1030 824 ipsa

46 833 75 858 i'n
97 829 217 858 hostem
238 833 436 865 retorquens,
459 830 557 858 donec
578 830 685 858 lancea
706 830 787 858 nudo
804 829 921 866 pectori
936 828 1031 858 infixa

46 874 107 900 est:
131 878 191 906 qua
213 878 251 899 ex
268 871 392 899 vulnere
408 871 514 900 evulsa
536 870 711 900 inclinatum
726 879 762 899 ac
777 870 924 900 deficiens
940 875 1032 907 caput

47 912 156 949 clypeo
170 911 328 948 paulisper
344 911 471 948 excepit,
489 910 608 947 deinde,
624 911 779 948 linquente
795 911 903 948 spiritu
919 911 1031 948 pariter

46 961 82 982 ac
98 952 255 990 sanguine,
271 953 469 982 moribundus
484 952 513 982 in
527 961 609 982 arma
625 952 794 989 procubuit.
818 952 961 982 Cecidere
976 953 1032 981 La·
1044 957 1073 983 16

47 994 313 1024 cedaemoniorum
334 995 362 1023 V
383 994 464 1023 milia
486 999 515 1024 et
537 994 621 1029 CCC,
648 1002 685 1023 ex
707 993 929 1024 Macedonibus
949 994 1031 1024 haud

46 1035 176 1073 amplius
192 1036 286 1065 mille:
303 1040 436 1065 ceterum
450 1036 503 1064 vix
519 1035 681 1072 quisquam
696 1035 755 1066 nisi
771 1034 894 1066 saucius
909 1035 1033 1065 revertit

47 1077 75 1106 in
93 1082 203 1107 castra.

131 1119 177 1154 (3)
198 1120 281 1148 Haec
295 1118 421 1149 victoria
436 1127 496 1149 non
509 1119 649 1156 Spartam
664 1119 755 1148 modo
772 1118 939 1155 sociosque
955 1118 1032 1155 eius,

48 1161 102 1190 sed
120 1160 208 1190 etiam
225 1169 347 1196 omnes,
364 1160 415 1198 qui
432 1161 582 1190 fortunam
597 1160 668 1190 belli
684 1164 913 1198 spectaverant,
934 1159 1030 1197 fregit.

46 1202 108 1231 Nec
121 1202 244 1232 fallebat
255 1202 455 1239 Antipatrum,
472 1202 636 1232 dissentire
648 1203 686 1231 ab
698 1201 807 1231 animis
820 1201 1032 1239 gratulantium
1041 1204 1071 1232 17

46 1244 164 1273 vultus:
188 1245 243 1273 sed
266 1244 377 1273 bellum
399 1244 486 1273 finire
508 1243 641 1280 cupienti
665 1252 743 1280 opus
765 1248 829 1272 erat
844 1242 953 1280 decipi.
995 1243 1033 1271 Et

48 1293 232 1322 quamquam
248 1285 368 1315 fortuna
382 1294 481 1314 rerum
498 1285 652 1322 placebat,
669 1284 812 1313 invidiam
827 1289 942 1319 tamen,
961 1283 1032 1320 quia

47 1326 178 1356 maiores
200 1335 250 1356 res
272 1331 372 1363 erant,
395 1335 484 1363 quam
507 1335 583 1363 quas
604 1325 749 1362 praefecti
774 1326 884 1355 modus
900 1329 1032 1362 caperet,

48 1368 207 1398 metuebat.
232 1368 351 1405 Quippe
367 1368 541 1397 Alexander
556 1368 662 1397 hostes
679 1367 759 1397 vinci
775 1369 927 1402 voluerat,
948 1365 1031 1396 Anti·
1042 1369 1074 1396 18

49 1409 166 1446 patrum
181 1409 294 1439 vicisse
309 1418 347 1439 ne
361 1409 469 1439 tacitus
486 1409 609 1446 quidem
624 1409 844 1446 indignabatur,
861 1416 935 1438 suae
949 1409 1031 1437 dem-

49 1455 131 1487 ptum
148 1450 262 1488 gloriae
276 1451 472 1487 existimans,
495 1451 641 1488 quicquid
657 1450 805 1480 cessisset
819 1450 946 1480 alienae.
975 1450 1032 1478 Ita·
1042 1452 1075 1478 19

49 1501 108 1528 que
130 1492 304 1529 Antipater,
333 1492 384 1529 qui
404 1493 501 1530 probe
522 1497 629 1522 nosset
650 1492 775 1529 spiritus
796 1491 878 1528 eius,
904 1499 965 1521 non
987 1494 1034 1520 est

48 1542 142 1563 ausus
158 1533 226 1570 ipse
241 1542 333 1571 agere
348 1534 470 1564 arbitria
484 1534 638 1569 victoriae,
657 1534 711 1564 sed
728 1533 889 1563 concilium
901 1533 1031 1562 Graeco-

47 1583 129 1610 rum,
146 1575 218 1611 quid
235 1575 300 1605 fieri
315 1577 465 1613 placeret,
482 1575 644 1606 consuluit.
682 1577 708 1604 A
725 1583 785 1612 quo
801 1572 1074 1605 Lacedaemonii2o

48 1616 120 1645 nihil
133 1616 223 1651 aliud,
241 1626 331 1653 quam
344 1623 376 1648 ut
388 1623 525 1648 oratores
540 1618 658 1648 mittere
671 1617 709 1647 ad
724 1625 826 1655 regem
837 1617 949 1651 liceret,
964 1624 1031 1652 pre-

49 1658 121 1688 cati:
147 1667 164 1687 a
185 1667 257 1695 rege
280 1665 379 1689 autem
400 1659 519 1690 veniam
546 1659 727 1690 defectionis
752 1663 872 1696 praeter
892 1662 1032 1687 auctores

48 1699 299 1736 impetraverunt:
314 1701 588 1738 Megalepolitanis,
603 1709 730 1739 quorum
743 1701 815 1730 urbs
827 1700 957 1730 obsessa
969 1702 1034 1728 erat
