1210 1895
348 284 391 335 Q·
438 283 630 332 CURTII
676 282 810 332 RUFI

455 360 511 390 DE
541 360 702 390 GESTIS

122 420 678 478 ALEXANDRI
746 418 1042 475 MAGNI

406 503 509 532 REGIS
533 503 758 531 MACEDONUM

490 569 599 599 LIBER
621 568 670 598 111.

425 682 738 710 ARGUMENTUM.

85 741 107 767 1.
127 741 287 766 Celaenarum
304 742 364 766 urbe
379 745 401 764 et
417 748 472 765 arce
488 744 598 772 recepta,
612 740 757 772 primariam
772 739 896 771 Phrygiae
916 740 1000 764 urbem
1018 739 1076 763 Ale-

119 776 215 800 xauder
228 776 377 808 ingreditur,
388 775 412 799 in
424 782 473 806 qua
484 774 584 798 fatalem
597 774 681 798 Gordii
693 774 786 798 nodum
797 774 880 803 solvit,
892 781 920 797 ac
930 774 1020 798 deinde
1031 774 1075 798 ob-

121 810 187 834 viam
196 811 275 835 Dareo
285 810 321 834 ire
331 809 425 834 statuit.
461 809 490 834 ΙΙ.
505 809 633 833 Exercitus
650 808 742 832 Persici
753 807 880 832 lustratio:
897 808 928 832 de
939 816 988 839 quo
998 816 1073 839 quum

120 843 194 868 Darei
209 845 281 868 iussu
294 843 456 868 Charidemus
471 842 632 867 Atheniensis
653 850 738 867 verum
758 842 914 873 liberumque
928 843 1073 874 protulisset

121 878 249 907 iudicium,
265 879 346 910 capite
356 878 474 902 multatus
484 882 530 901 est.
567 877 608 900 III.
626 876 768 908 Thymodes
783 877 952 906 Pharnabazo,
970 877 1010 901 hio
1024 877 1075 901 Me-

121 913 205 937 mnoni
215 913 334 938 succedit.
348 913 422 937 Darei
433 912 556 936 somnium
568 912 672 942 eiusque
681 911 752 935 varia
762 911 940 943 interpretatio.
965 912 1074 943 Pompae

120 947 250 971 Persarum
261 954 349 979 regum
364 951 416 971 orto
428 946 480 971 sole
491 946 590 970 demum
601 945 798 977 procedentium,
816 950 868 969 tum
879 946 1008 977 copiarum
1016 946 1073 970 Ale-

118 981 207 1006 xandri
223 981 368 1013 descriptio.
406 981 446 1006 IV.
468 980 583 1004 Desertas
601 980 631 1003 ab
646 980 759 1008 Arsame,
771 982 846 1006 Darei
862 980 998 1011 praefecto,
1017 980 1074 1005 Cifi-

120 1016 172 1039 ciae
187 1015 272 1040 fauces
282 1015 426 1040 Alexander
440 1019 579 1047 opportune
592 1019 705 1046 occupat.
725 1015 755 1039 V.
775 1015 856 1043 Quum
870 1015 894 1038 iu
907 1014 1018 1046 Cydnum
1029 1015 1074 1038 ssu-

122 1057 177 1074 men
193 1050 310 1074 abluendi
322 1051 432 1081 corporis
448 1050 528 1081 gratia
543 1050 717 1080 intempestive
729 1049 907 1074 descendisset.
925 1050 1074 1081 gravissimo

119 1084 206 1108 morbo
217 1085 355 1115 corripitur.
392 1084 433 1110 Vl.
452 1084 511 1107 Mox
521 1091 535 1107 a
550 1083 600 1107 fido
611 1083 767 1114 sapientique
784 1083 879 1107 medico
894 1083 1008 1115 Philippo
1023 1084 1074 1115 pri-

121 1119 201 1142 sunae
215 1118 350 1142 valetudini
363 1118 508 1142 restituitur.
547 1118 599 1142 VII.
619 1118 739 1149 Vegetior
755 1117 834 1141 factus
850 1117 958 1141 Dareum
969 1118 1074 1149 aggredi

122 1152 248 1176 constituit
264 1151 427 1183 Sisenemque
442 1152 544 1176 Persam
564 1152 730 1183 imprudentia
742 1151 925 1182 delinquentem
943 1152 1022 1176 occidi
1037 1153 1074 1176 iu-

121 1187 170 1211 bet.
208 1186 270 1211 VIII.
284 1186 358 1210 Darei
369 1191 425 1211 ante
436 1194 547 1218 pugnam
563 1186 678 1210 consilia:
696 1189 748 1209 tum
765 1186 890 1210 exercitus
906 1186 998 1210 Persici
1015 1194 1074 1211 cou-

120 1221 248 1248 sternatio‚
264 1221 392 1252 proximae
409 1221 583 1245 internecionis
595 1221 763 1252 praesagium.
799 1220 842 1245 IX.
860 1219 995 1251 Utriusque
1011 1222 1074 1246 aciei

119 1254 265 1286 descrIptio.
302 1254 335 1278 X.
356 1255 493 1279 Alexandri
504 1255 582 1279 oratio
593 1254 625 1278 ad
636 1255 734 1278 milites.
773 1254 816 1278 XI.
836 1254 922 1286 Pugna
936 1255 969 1279 ad
984 1256 1072 1285 Issum,

119 1289 143 1313 in
154 1296 203 1320 qua
213 1293 316 1313 centena
327 1289 395 1313 milia
404 1290 516 1321 peditum
527 1297 556 1313 ac
571 1289 657 1313 decem
674 1289 742 1313 milia
757 1289 868 1319 equitum
887 1290 1017 1314 Persarum
1033 1299 1073 1315 oc-

120 1323 246 1352 cumbunt,
258 1323 360 1354 reliquis
371 1323 433 1347 fusis
446 1323 597 1355 fugatisque.
636 1323 688 1347 XII.
710 1323 795 1347 Matris
806 1328 829 1346 et
838 1323 1003 1348 uxorisDarei
1013 1325 1074 1349 alia-

119 1364 223 1388 rumque
233 1358 386 1389 captivarum
396 1358 488 1382 luctum
501 1358 565 1382 levat
576 1357 726 1382 Alexander.
763 1357 827 1381 XIII.
844 1357 917 1383 Darei
928 1365 1017 1390 gazam
1027 1360 1072 1384 im<

118 1399 230 1416 mensam
248 1399 303 1416 cum
323 1393 418 1424 ingenti
437 1392 558 1416 nobilium
578 1399 680 1416 numero
690 1392 832 1424 praefectus
848 1392 1070 1418 DamasciParme-

119 1426 188 1450 nioui
203 1427 286 1452 tradit.

486 1485 579 1515 CAP.
607 1486 629 1514 I.

55 1550 72 1579 1
166 1545 196 1581 (l
214 1549 255 1573 ed.
273 1548 390 1581 Zumpt.)
413 1546 492 1575 Inter
508 1545 584 1574 haee
593 1546 777 1579 Alexander,
794 1545 832 1574 ad
849 1546 962 1575 condu-
988 1565 1015 1585 Α,
1030 1564 1068 1585 333

83 1587 212 1618 cendum
225 1595 263 1616 ex
272 1587 484 1624 Peloponneso
499 1587 621 1616 militem
630 1587 777 1616 Cleandro
787 1595 854 1616 cum
871 1596 963 1624 peeu-
982 1590 1072 1610 ineunte

82 1629 130 1659 nIa
153 1629 264 1662 misso,
289 1629 402 1666 Lyciae
425 1629 684 1666 Pamphyliaeque
699 1629 790 1658 rebus
810 1629 965 1665 composi·
983 1616 1072 1662 heedir?

53 1675 70 1702 2
83 1670 128 1705 HS,
153 1671 192 1699 ad
209 1671 313 1700 urbem
332 1671 478 1700 Celaenas
494 1671 660 1700 exereitum
676 1670 820 1700 admovit.
863 1671 963 1700 Media
984 1668 1032 1691 '¹¹'
1052 1668 1074 1687 3·

82 1712 133 1742 illa
148 1717 328 1749 tempestate
345 1713 466 1742 moenia
481 1712 820 1751 interfluebatMarsyas
834 1713 941 1747 amnis,
956 1713 1073 1741 fabulo>

122 1761 203 1782 cunr.
220 1763 283 1783 nur.
846 1754 862 1784 l
