1215 1895
166 45 238 95 LlB'.
254 65 304 95 lh.
328 65 410 94 CAP.
428 64 753 100 v11,e—CAP.v111,
772 69 812 94 13.
836 66 882 92 tm,
900 67 980 86 ¹⁷—w¹
1002 65 1039 91 za
1083 63 1122 94 15

100 141 240 172 3cadere
260 145 422 178 pateretur.
457 140 556 169 Minus
580 140 638 169 hoc
653 140 717 177 regi
756 149 846 177 quam
862 140 1039 178 purpuratis
1055 140 1122 169 eius

128 183 324 220 displicebat:
347 182 508 219 ancipitem
526 182 616 211 fidem
639 185 669 211 et
690 184 832 212 mercede
854 183 993 212 venalem
1017 182 1120 220 prodi-

129 225 238 254 tionem
255 225 419 258 imminere‚
435 228 464 253 et
479 223 571 252 dividi
588 232 646 252 nou
661 223 699 252 ob
712 224 793 253 aliud
808 225 914 261 copias
926 225 1015 261 velle,
1031 231 1121 261 quam

126 272 158 296 ut
173 266 232 303 ipsi
248 265 277 295 in
294 266 415 295 diversa
431 265 576 302 digressi,
600 264 625 294 si
643 265 715 301 quid
732 266 927 295 commissum
943 270 1041 302 esset,
1062 269 1121 295 tra-

104 309 235 339 4dcrent
256 307 441 337 Alexandro.
478 307 554 336 Nihil
578 306 669 336 tutius
693 307 772 342 sore,
802 316 893 344 quam
916 308 1121 337 circumdatos

126 359 181 380 eos
198 349 333 379 exercitu
349 353 410 378 toto
427 349 515 378 obrui
529 349 604 383 telis,
623 349 839 379 documentum
853 358 913 379 non
927 350 1039 379 inultae
1053 357 1120 386 per-

104 397 119 421 5
130 391 219 421 lidiae
236 391 362 420 futuros.
388 392 428 419 At
439 390 563 425 Dareus,
582 394 612 419 ut
628 394 692 419 erat
707 396 832 421 sanctus
845 399 881 420 ac
895 391 984 427 mitis,
1001 399 1034 420 se
1047 399 1122 420 vero

126 438 240 464 tantum
270 432 386 461 facinus
416 436 507 469 negat
533 440 603 461 esse
629 433 792 467 facturum,
823 438 856 463 ut
882 442 970 463 suam
997 437 1121 462 secutos

125 476 226 510 fidem,
242 483 318 504 suos
333 474 450 509 milites⁷
468 475 570 503 iubeat
582 474 735 503 trucidari.
760 474 854 510 Quem
867 475 978 505 deinde
991 475 1122 511 amplius

125 517 278 546 nafionum
302 520 473 546 exterarum
489 517 617 545 salutem
640 524 725 545 suam
743 517 927 546 crediturum
943 517 1015 552 sibi,
1039 516 1064 545 si
1080 519 1122 546 tot

106 558 255 588 6militum
282 558 429 595 sanguine
456 558 613 587 imbuisset
639 562 768 587 manus?
800 558 955 588 Neminem
978 558 1120 588 stolidum

131 600 292 630 consilium
315 599 414 637 capite
430 600 512 629 luere
528 599 649 629 debere.
686 601 850 630 Desuturos
866 601 960 636 enim,
984 599 1036 637 qui
1051 608 1120 629 sua-

126 643 241 677 derent,
258 641 284 671 si
300 641 438 671 suasisse
456 642 662 678 periculosum
679 646 771 671 esset.
794 643 932 680 Denique
945 643 1030 679 ipsos
1045 650 1121 678 quo-

127 684 197 713 tidIe
223 684 261 713 ad
287 691 322 712 se
347 684 489 713 advocari
516 684 545 712 in
572 684 732 713 eonsilium
761 685 925 721 variasque
956 684 1121 713 sententias

126 726 243 760 (licere,
266 733 322 754 nec
345 729 443 754 tamen
465 726 599 754 melioris
622 725 693 754 fidei
715 725 835 761 haberi,
868 725 919 763 qui
941 725 1121 763 prudentius

104 767 266 797 7suaserit.
303 767 408 803 Itaque
431 767 554 796 Graecis
582 768 719 796 nuntiare
745 768 842 802 iubet,
868 768 971 805 ipsum
994 767 1116 804 quidem

125 808 348 839 benivolentiae
370 810 488 838 illorum
510 809 622 845 gratias
638 817 744 845 agere,
767 813 916 844 ceterum,
940 809 965 838 si
981 813 1062 838 retro
1078 809 1122 837 ire

126 855 246 888 pergat,
273 850 354 880 haud
368 851 466 880 dubie
493 859 619 887 regnum
640 851 780 881 hostibus
804 852 992 881 traditurum.
1029 851 1122 880 Fama

103 893 206 924 abella
221 896 302 922 stare
339 897 368 922 et
384 901 467 928 eum,
491 893 541 929 qui
558 893 696 929 recedat,
721 894 825 929 sugere
842 894 935 922 credi.
968 892 1121 922 Trahendi

126 942 199 964 vero
221 935 292 964 belli
314 935 364 963 vix
381 935 472 964 ullam
488 943 559 964 esse
575 935 731 964 rationem.
764 936 878 965 Tantae
894 935 975 964 enim
989 935 1121 964 multitu-

127 976 203 1013 dini,
224 977 329 1013 utique
346 985 438 1013 quum
455 976 513 1005 iam
529 977 625 1006 hiems
642 977 781 1013 instaret,
799 977 829 1005 in
844 977 970 1014 regione
986 980 1075 1006 vasta
1093 979 1123 1005 et

126 1017 256 1047 invicem
272 1026 289 1046 a
305 1018 370 1048 suis
383 1022 474 1055 atque
491 1018 579 1048 hoste
592 1023 702 1048 vexata
714 1026 774 1047 non
787 1019 956 1049 suffectura
969 1019 1122 1048 allmenta.

104 1060 170 1089 9Ne
196 1060 290 1089 dividi
317 1059 439 1097 quidem
467 1060 572 1096 copias
596 1068 700 1096 posse,
713 1065 835 1090 servato
857 1069 942 1090 more
963 1060 1122 1096 maiorum,

129 1102 179 1139 qui
194 1101 355 1131 universas
367 1102 448 1131 vires
465 1101 630 1131 discrimini
645 1102 794 1131 bellorum
810 1110 932 1140 semper
948 1102 1121 1132 obtulerint.

87 1146 118 1172 10
127 1143 163 1172 Et
178 1143 315 1179 hercule,
338 1144 501 1172 terribilem
523 1148 611 1173 antea
627 1151 730 1180 regem
746 1148 774 1173 et
790 1145 928 1173 absentia
943 1152 1000 1173 sua
1016 1144 1054 1172 ad
1070 1152 1121 1172 va-

127 1193 195 1214 nam
208 1185 350 1214 fiduciam
363 1186 482 1220 elatum,
495 1189 657 1222 postquam
670 1186 836 1215 adventare
848 1194 883 1215 se
896 1185 1038 1221 senserit,
1051 1193 1121 1214 eau-

127 1230 187 1256 tum
204 1234 259 1263 pro
275 1227 434 1255 temerario
452 1227 572 1262 sactum,
590 1226 748 1256 delituisse
764 1227 842 1256 inter
853 1227 1011 1265 angustias
1025 1228 1121 1256 saltus

126 1269 182 1297 ritu
207 1267 382 1304 ignobilium
410 1269 556 1304 serarum,
589 1277 682 1305 quae,
709 1270 838 1306 strepitu
864 1270 1121 1307 praetereuntium

87 1315 116 1340 11
127 1308 240 1345 audito,
256 1310 400 1340 silvarum
415 1311 539 1339 latebris
555 1318 588 1339 se
608 1311 806 1340 occuluerint.
829 1311 891 1340 Iam
905 1312 994 1340 etiam
1006 1312 1120 1340 valetu-

126 1351 205 1381 dinis
228 1352 419 1381 simulatione
439 1353 575 1381 frustrari
593 1361 666 1382 suos
683 1353 802 1382 milites.
835 1353 896 1382 Sed
912 1361 973 1382 non
991 1353 1121 1389 amplius

126 1394 227 1430 ipsum
242 1401 313 1423 esse
332 1402 495 1430 passurum
522 1395 691 1424 detrectare
707 1398 869 1424 certamen.
898 1395 930 1424 ln
946 1395 997 1424 illo
1015 1402 1121 1431 specu,

126 1435 154 1464 in
169 1443 259 1472 quem
273 1436 374 1472 pavidi
386 1437 598 1470 recessissent,
613 1444 836 1473 oppressurum
849 1445 920 1466 esse
932 1440 1120 1465 cunctantes.

126 1477 208 1506 Haec
228 1477 470 1514 magnificentius
488 1479 605 1514 iactata,
624 1486 714 1515 quam
730 1479 842 1508 verius.

84 1523 118 1550 12
208 1518 276 1554 (20)
299 1519 437 1549 Ceterum
460 1520 590 1556 pecunia
613 1520 693 1549 omni
710 1528 874 1556 rerumque
889 1520 1120 1557 pretiosissimis
1137 1531 1145 1537 ·

126 1561 309 1590 Damascum
331 1561 440 1599 Syriae
464 1570 531 1591 cum
546 1562 667 1591 modico
690 1562 844 1598 praesidio
867 1561 991 1591 militum
1006 1561 1120 1595 missis,

125 1602 260 1639 reliquas
288 1603 392 1640 copias
420 1604 448 1632 in
477 1604 608 1633 Ciliciam
638 1603 739 1640 duxit,
771 1604 1003 1640 insequentibus
1032 1612 1119 1633 more

128 1644 225 1680 patrio
251 1652 359 1681 agmen
386 1646 516 1682 coniuge
543 1653 579 1675 ac
600 1649 706 1674 matre.
738 1645 880 1682 Virgines
903 1654 1029 1683 quoque
1052 1653 1121 1674 cum

88 1688 118 1715 13
127 1693 222 1723 parvo
244 1686 307 1716 filio
334 1687 556 1717 comitabantur
578 1691 703 1724 patrem.
740 1687 830 1717 Forte
852 1688 958 1716 eadem
983 1691 1071 1717 noete
1092 1690 1123 1716 ct
