1215 1905
130 133 192 163 194
470 133 491 168 Q
525 133 680 162 CUHTII
702 133 811 163 RUFI

126 210 274 245 ⁸qratuitas
285 210 437 237 cicatrices
448 210 575 238 relaturi
584 209 649 237 sint.
673 209 753 243 Quae
767 214 861 238 tamen
876 211 973 238 omnia
987 212 1111 240 tolerare
1121 215 1154 240 12
1188 217 1197 249 J

126 252 280 286 potuimus,
294 254 449 286 antequam
466 258 518 279 nos
528 251 664 279 barbaris
675 251 797 279 dederes
807 254 835 279 et
845 259 917 280 nouo
930 259 1008 280 more
1021 254 1110 281 viclo—

128 300 177 320 res
194 292 246 319 sub
263 292 362 327 iuqum
379 293 513 320 mitteres.
535 292 696 321 Persarum
713 295 740 321 te
750 293 833 321 vestis
847 296 876 321 et
886 293 1044 329 disciplina
1056 294 1111 322 de—

129 334 229 367 lectat,
244 334 359 369 palrios
375 340 469 362 mores
486 341 591 362 exosus
603 341 642 362 es.
669 334 829 362 Persarum
841 342 924 369 erqo,
936 342 994 363 non
1005 335 1111 363 Mace—

130 374 237 403 db‘num
255 382 352 410 reqem
370 375 503 403 occidere
519 375 659 404 voluimus
676 378 704 403 et
720 378 746 403 te
766 375 954 411 transfuqam
972 376 1038 404 belli
1048 377 1112 405 iure

126 414 340 451 persequimur.
366 415 409 444 Tu
420 416 600 445 Macedonas
612 417 725 445 voluisti
731 424 830 452 qenua
842 417 893 445 tibi
900 425 1013 453 ponere
1024 425 1113 446 vene-
1121 421 1153 446 13

130 458 251 493 rarique
263 460 290 485 te
301 460 333 485 ut
344 457 444 485 deum:
459 462 488 485 tu
500 458 669 494 Philippum
675 461 794 494 patrem
805 460 953 487 aversaris
963 461 997 494 et,
1013 460 1040 487 si
1049 460 1112 495 quis

131 499 250 527 deorum
262 502 329 527 ante
339 499 437 527 Iovem
454 499 624 533 haberetur,
640 499 796 534 fastidires
806 501 892 528 eliam
903 500 1007 528 Iovem.
1049 500 1114 528 Mi—
1121 504 1153 529 14

129 541 223 575 raris,
235 542 261 568 si
270 540 356 568 liberi
366 541 493 569 homines
505 541 673 576 superbiam
685 544 764 569 tuam
773 541 859 575 ferre
870 549 927 569 non
935 539 1111 577 possumus?

132 582 208 615 Quid
229 590 382 618 speramus
399 590 438 610 ex
454 585 494 617 te,
516 583 618 618 quibus
635 586 686 610 aut
702 583 859 611 insontibus
870 583 1050 611 moriendum
1061 585 1110 618 est,

129 627 193 658 aut,
212 624 291 659 quod
307 625 418 652 tristius
433 627 522 651 morte
534 627 582 658 est,
601 625 631 651 in
642 625 777 652 servitute
788 622 960 652 vivendum?
988 623 1030 652 Tu
1043 625 1153 659 qui-15

130 665 211 699 dem,
234 666 263 693 si
277 665 431 693 emendari
447 670 543 700 poles,
565 666 684 693 multum
702 665 775 693 milti
791 665 883 694 debes.
914 665 964 694 Ex
978 673 1023 693 me
1036 666 1112 693 enim

130 708 205 735 scire
225 707 356 743 coepisti,
377 706 449 742 quid
465 707 587 742 inqenui
603 707 731 735 homines
747 706 833 741 ferre
854 715 910 735 non
927 707 1046 743 possint.
1068 706 1112 735 De

129 751 223 776 cetero
236 755 329 784 parce
341 748 523 783 [parentibus
539 750 591 781 et],
613 755 735 783 quorum
748 748 834 776 orbas
845 752 1024 784 senectutem,
1036 756 1111 784 sup—

125 790 224 826 pliciis
233 798 270 818 ne
281 790 464 818 oneraveris:
486 797 538 818 nos
554 789 618 817 iube
636 789 718 825 duci,
736 792 780 823 ut,
804 790 882 825 quod
896 798 934 818 ex
952 793 1002 818 tua
1021 792 1112 818 morte

126 832 313 867 petieramus,
326 838 537 867 consequamur
548 839 587 859 ex
598 834 706 859 nostra.
729 830 812 858 Haec
830 831 1017 860 Hermolaus.

546 896 566 924 C
574 897 601 925 A
608 896 637 924 P.
663 897 738 925 VIII.

211 956 276 991 (26)
299 957 339 985 At
353 964 423 990 rex,
444 956 536 990 Quam
546 956 630 991 falsa
641 957 711 991 sint,
727 956 837 992 inquit,
853 964 927 991 qicae
939 957 990 984 iste
1002 956 1112 984 tradita
1126 960 1136 984 l

130 1006 147 1025 a
159 999 298 1033 mayistro
309 1006 360 1026 suo
371 998 460 1032 dixit,
471 999 614 1033 patientia
627 1006 691 1026 mea
702 998 832 1026 ostendit.
855 997 1023 1032 Confessum
1037 998 1112 1025 enim
1123 1001 1141 1025 2

129 1040 259 1067 ultimum
279 1039 401 1074 facinus
422 1042 518 1067 tamen
536 1047 593 1068 non
611 1041 701 1068 solum
719 1041 781 1075 ipse
799 1038 924 1076 [audivi,
946 1038 999 1067 sed
1015 1039 1110 1074 etiam,

130 1085 160 1108 ut
171 1081 228 1117 vos]
242 1081 391 1115 audiretis,
404 1082 544 1117 expressi,
561 1089 617 1109 non
629 1081 805 1116 imprudens,
818 1088 905 1116 quum
912 1081 1110 1116 permisissem

129 1123 238 1150 latroni
247 1122 316 1151 liuic
329 1123 441 1157 dicere,
454 1130 574 1150 usurum
586 1130 650 1150 eum
662 1123 757 1157 rabie,
773 1130 830 1157 qua
842 1123 1005 1157 compulsus
1016 1124 1070 1155 est,
1082 1124 1114 1149 ut

129 1171 187 1198 me,
200 1172 283 1199 quem
290 1165 426 1200 parentis
438 1165 498 1192 loco
511 1165 605 1192 colere
617 1164 745 1197 deberet,
758 1165 841 1191 vellet
850 1163 990 1191 occidere.
1011 1163 1113 1199 Nuper
1123 1165 1140 1191 3

129 1213 216 1240 quum
233 1207 390 1241 procacius
407 1213 438 1233 se
454 1206 484 1233 in
496 1206 644 1234 venatione
659 1207 806 1241 yessisset,
827 1212 905 1233 more
917 1205 1017 1240 patrio
1032 1207 1060 1232 et
1074 1204 1111 1232 ab

129 1247 336 1282 antiquissimis
363 1247 559 1275 Macedoniae
586 1255 688 1282 requm
711 1249 851 1282 usurpato
879 1246 1022 1281 castigari
1046 1253 1110 1274 eum

129 1289 207 1316 iussi.
231 1288 294 1316 Hoc
304 1291 332 1316 et
341 1291 454 1324 oportet
460 1289 529 1322 sieri
539 1293 566 1316 et
574 1287 680 1322 ferunt
690 1296 709 1316 a
720 1288 861 1316 tutoribus
872 1288 994 1323 pupilli,
1013 1295 1032 1314 a
1042 1294 1110 1314 ma—

129 1330 192 1357 ritis
212 1337 336 1357 uxores:
361 1330 451 1357 servis
470 1336 582 1364 quoque
601 1337 708 1365 pueros
730 1329 815 1357 liuius
837 1330 940 1357 coetatis
955 1328 1110 1356 uerberare

129 1370 321 1399 concedimus.
344 1370 427 1399 Haec
448 1374 490 1398 esl
510 1371 632 1398 saevitia
653 1372 682 1398 iu
700 1372 792 1406 ipsum
814 1377 892 1404 mea,
915 1377 1002 1405 quam
1021 1370 1138 1405 impura}

129 1412 219 1440 caede
231 1413 318 1440 voluit
327 1413 436 1440 ulcisci.
469 1411 543 1439 Nam
556 1413 585 1439 in
598 1415 719 1443 ceteros,
740 1412 791 1447 qui
807 1411 878 1439 milei
888 1412 1058 1447 permittunt
1068 1412 1112 1438 uti

129 1454 243 1489 inqenio
254 1461 331 1488 meo,
344 1461 431 1489 quam
442 1453 517 1481 mitis
528 1454 596 1487 sim,
610 1460 666 1481 non
679 1454 835 1488 ignoratis,
848 1457 875 1480 et
886 1459 1110 1480 commemorare

128 1503 341 1530 supervacuum
363 1498 412 1523 est.
451 1494 608 1523 Hermolao
632 1494 858 1530 parricidarum
885 1494 1031 1529 supplicia
1052 1501 1109 1521 non
1122 1497 1137 1521 5

123 1537 257 1572 probari,
270 1544 357 1572 quum
369 1536 471 1564 eadem
483 1537 544 1571 ipse
556 1537 701 1569 meruerit,
714 1536 830 1563 minime
841 1535 959 1563 lzercule
969 1535 1109 1563 admiror.

129 1577 205 1605 Nam
228 1585 315 1613 quum
338 1578 558 1605 Parmenionem
580 1581 607 1605 et
627 1577 771 1605 Philotam
795 1576 906 1611 laudat,
929 1584 1000 1604 suae
1022 1576 1112 1604 servit

128 1627 247 1647 causae.
275 1618 436 1654 Lyncesten
458 1626 524 1647 vero
550 1618 753 1646 Alexandrum
775 1618 817 1646 bis
834 1618 1001 1646 insidiatum
1018 1617 1137 1652 capilifi

129 1667 190 1688 meo
203 1668 222 1687 a
237 1660 347 1688 duobus
359 1660 502 1688 indicibus
513 1660 647 1693 liberavi,
666 1668 771 1687 rursus
789 1660 947 1688 convictum
954 1666 1011 1694 per
1025 1658 1109 1686 bien-

128 1703 209 1729 nium
227 1704 322 1729 tamen
341 1701 452 1735 distuli,
474 1701 566 1729 donec
576 1709 623 1729 vos
630 1702 828 1737 postularetis,
849 1703 880 1728 ut
890 1699 1005 1727 tandem
1019 1699 1110 1727 debito

124 1744 273 1779 supplicio
284 1743 377 1770 scelus
389 1743 488 1771 lueret.
513 1742 646 1777 Attalum,
663 1745 817 1778 antequam
828 1749 883 1769 rex
894 1748 991 1777 essem,
1003 1740 1109 1769 hostem
1121 1742 1136 1769 7
