1215 1905
207 104 279 134 LIB.
296 104 347 132 VI.
370 103 452 133 CAP.
470 104 519 138 Vl,
540 108 655 134 13—34.
675 114 724 141 tvi,
742 116 828 136 ἰι-ωε.
850 115 891 140 z.]
1003 105 1064 136 123

70 179 206 211 tudinem
221 178 372 209 imbellem
388 178 550 209 considere
563 179 681 209 iubent:
696 180 764 216 ipsi,
782 189 842 217 qua
854 190 947 218 rupes
960 182 1062 220 [adiri]

72 225 199 260 poterat,
215 221 357 250 arborum
372 225 496 251 truncos
512 225 542 250 et
557 229 634 250 saxa
650 221 864 251 obnioliuntur.
895 223 964 252 XIII
980 223 1062 254 milia

29 268 185 295 &sarmata
206 267 300 292 erant.
334 263 365 291 ln
388 271 518 300 quorum
541 263 702 292 obsidione
725 263 848 293 Cratero
870 264 975 294 relicto
992 265 1062 303 ipse

71 305 297 335 Satibarzanem
313 304 401 341 sequi
417 304 547 334 festinat.

151 346 218 383 (23)
240 346 276 376 Et
291 346 362 383 quia
377 345 498 383 longius
514 346 625 376 abesse
642 355 711 376 eum
731 352 933 384 cognoverat,
951 349 989 377 ad
1006 357 1059 378 ex—

71 389 252 426 pugnandos
274 396 344 424 eOS‚
367 388 418 425 qui
440 388 521 417 edita
537 389 682 418 montium
705 394 947 425 occupaverant,
970 391 1058 420 redit.

27 435 60 461 26
70 432 112 460 Ac
129 430 224 468 primo
239 430 396 467 repurgari
426 430 524 464 iubet,
548 430 695 467 quicquid
711 431 829 467 ingredi
845 436 988 468 possent:
1006 432 1058 461 de-

70 473 155 507 inde,
181 476 213 502 ut
234 472 434 502 occurrebant
454 471 555 500 inviae
577 476 662 501 cotes
684 477 931 510 praeruptaeque
953 482 1056 510 rupes,

26 518 58 545 27
68 514 168 544 irritus
182 514 266 543 labor
282 513 448 547 videbatur,
466 513 607 543 obstante
621 518 735 543 natura.
759 515 820 549 Ille,
838 519 870 544 ut
885 519 950 544 erat
965 515 1057 544 animi

69 563 191 592 semper
215 555 395 585 obluctantis
418 555 664 591 difficultatibus,
689 564 781 592 quum
803 560 833 585 et
850 556 994 592 progredi
1010 565 1055 585 ar-

68 598 161 627 duum
178 602 207 627 et
223 597 331 626 reverti
348 597 554 633 periculosum
571 603 668 632 esset⁷
685 597 828 626 versabat
844 606 877 626 se
893 598 932 626 ad
948 606 1056 628 omnes

67 639 276 676 cogitationes
293 639 374 668 aliud
387 643 478 676 atque
494 639 584 673 aliud,
603 639 642 668 ita
659 644 689 668 ut
705 638 769 668 lieri
783 640 875 675 solet,
891 639 943 668 ubi
958 640 1056 677 prima

68 689 210 718 quaeque
225 681 414 716 damnamus,
430 680 610 710 sufficiente
625 681 736 710 animo.
770 681 954 717 Haesitanti‚
971 683 1056 718 quod

23 723 140 753 aei-atio
158 731 217 753 nou
235 722 345 759 potuit,
370 723 489 752 fortuna
505 722 664 752 consilium
680 722 930 752 subministravit.
954 723 1055 753 Vehe-

66 773 152 794 mens
167 764 321 794 Favonius
338 769 416 799 erat,
433 769 462 794 et
478 765 600 793 multam
617 764 771 794 materiam
788 764 942 794 ceciderat
957 765 1056 799 miles,

65 806 178 835 aditum
195 814 250 842 per
265 814 340 835 saxa
354 806 484 836 molitus.
502 806 584 835 Haec
594 814 710 843 vapore
723 805 837 835 torrida
851 814 925 835 casu
938 806 1052 836 inarse<

22 852 117 879 29rat.
145 848 224 884 Ergo
241 847 344 884 aggeri
360 847 435 876 alias
451 847 578 876 arbores
594 848 677 877 iubet
692 852 722 877 et
737 847 799 884 igni
816 848 881 876 dari
896 848 1053 878 alimenta:

65 889 263 927 celeriterque
280 889 433 926 stipitibus
455 889 615 919 cumulatis
638 889 791 926 fastigium
806 890 917 919 montis
939 898 1053 927 aequa-

20 935 123 963 30tum
149 936 205 961 est.
250 931 333 960 Tunc
361 931 495 968 undique
522 931 601 968 ignis
628 931 756 961 iniectus
779 936 888 961 cuncta
915 940 1053 969 compre-

64 973 176 1003 hendit.
217 973 381 1002 Flammam
404 973 434 1002 in
451 982 504 1002 ora
526 973 658 1003 hostium
675 978 782 1003 ventus
800 974 929 1009 ferebat,
953 974 1053 1004 sumus

20 1015 170 1052 elingens
188 1016 270 1044 velut
286 1016 417 1051 quadam
433 1015 513 1044 nube
526 1016 731 1045 absconderat
744 1017 872 1045 coelum.
896 1015 1054 1045 Sonabant

63 1056 205 1086 incendio
229 1056 339 1090 silvae,
363 1061 454 1093 atque
477 1065 512 1085 ea
535 1066 674 1094 quoque,
698 1066 778 1094 quae
800 1066 861 1086 non
877 1057 1054 1087 incenderat

63 1099 164 1133 miles,
183 1103 333 1135 concepto
352 1099 436 1135 igne,
455 1099 593 1135 proxima
610 1107 751 1136 quaeque
768 1099 946 1129 adurebant.
979 1100 1052 1128 Bar-

64 1140 129 1169 bari
151 1140 371 1177 suppliciorum
394 1140 544 1175 ultimum,
568 1141 593 1170 si
620 1150 680 1178 qua
701 1141 948 1171 intermoreretur
964 1141 1052 1178 ignis,

63 1182 198 1219 effugere
215 1183 377 1217 tentabant,
393 1182 457 1218 sed,
475 1191 535 1219 qua
547 1182 667 1212 flamma
684 1184 810 1212 dederat
821 1183 936 1218 locum,
953 1183 1052 1212 hostis

19 1229 53 1256 ³2
65 1224 214 1253 obstabat.
250 1224 343 1253 Varia
359 1224 448 1260 igitur
464 1225 558 1254 caede
575 1225 747 1262 consumpti
770 1229 855 1254 sunt:
877 1225 928 1254 alii
944 1225 973 1254 in
990 1233 1051 1254 me-

62 1265 130 1295 dios
147 1265 248 1302 ignes,
266 1266 316 1295 alii
331 1266 425 1303 petris
439 1266 680 1303 praecipitavere
698 1275 748 1302 se,
771 1267 895 1303 quidam
911 1267 1051 1296 manibus

63 1307 194 1337 hostium
218 1316 251 1337 sc
274 1308 462 1343 obtulerunt,
485 1309 575 1344 pauci
597 1309 799 1338 semiustulati
821 1309 979 1338 venerem
996 1317 1050 1347 po-

62 1353 210 1379 testatem.

17 1395 52 1422 33
140 1390 207 1427 (24)
228 1390 305 1420 Hinc
320 1392 359 1420 ad
375 1392 538 1428 Craterum,
557 1392 609 1429 qui
625 1393 797 1422 Artacoana
813 1392 989 1428 obsidebat,
1004 1401 1051 1421 re-

62 1432 113 1462 dit.
136 1433 197 1467 Ille,
215 1427 355 1462 omnibus
372 1434 570 1471 praeparatis,
587 1434 668 1471 regis
682 1435 865 1471 expectabat
876 1435 1050 1468 adventum,

19 1478 54 1505 34
62 1478 169 1510 captae
184 1474 267 1503 urbis
284 1475 384 1511 titulo,
400 1475 478 1505 sicut
495 1484 549 1512 par
561 1480 633 1512 erat,
650 1477 774 1505 cedens.
811 1476 903 1513 Igitur
918 1477 1048 1505 Alexan-

60 1516 115 1544 der
127 1520 225 1545 turres
239 1517 395 1546 admoveri
407 1517 502 1547 iubet:
518 1518 652 1554 ipsoque
667 1522 796 1554 aspectu
811 1518 932 1546 barbari
948 1518 1050 1551 territi,

60 1565 77 1587 e
92 1557 185 1586 muris
203 1557 328 1594 supinas
347 1567 454 1588 manus
472 1560 647 1595 tendentes,
670 1568 758 1588 orare
775 1564 959 1596 coeperunt,
975 1559 1051 1589 iram

59 1598 90 1627 in
111 1598 353 1633 Satibarzanen),
375 1600 557 1631 desectionis
575 1605 745 1636 auctorem,
768 1605 954 1637 reservaret,
978 1610 1050 1638 sup-

60 1640 189 1677 plicibus
216 1646 312 1670 semet
339 1642 522 1672 dedentibus
548 1647 697 1679 parceret.
747 1644 828 1678 Rex,
856 1643 926 1672 data
951 1644 1040 1672 venia

60 1690 119 1711 non
135 1682 326 1712 obsidionem
343 1685 434 1713 modo
452 1684 556 1720 solvit,
579 1685 635 1714 sed
658 1684 757 1714 omnia
779 1693 835 1714 sua
856 1684 964 1714 incolis
982 1685 1052 1714 red-

60 1722 144 1753 didit.
