1215 1905
128 114 201 143 LlB.
218 113 266 143 IX.
284 113 364 143 CAP.
383 113 431 146 Vl,
446 117 527 144 23-—
537 113 618 142 cAP.
633 114 697 149 Vll,
715 118 757 144 17.
774 124 823 150 nx,
840 125 924 145 ἰθ-29.
945 124 984 151 z.]
1012 113 1076 144 233

86 189 208 219 daretur
224 188 362 219 occasio:
385 191 517 218 ceterum
532 187 687 226 principes
703 196 807 218 eorum
824 189 896 218 iram
911 189 1072 219 multitudi-

56 234 72 260 7
85 230 131 260 nis
146 231 366 267 mitigaverunt.
408 229 530 259 Praeter
552 238 638 266 spem
660 239 746 259 suam
768 231 834 260 Bito
852 231 1005 268 praesenti
1020 239 1071 268 pe-

85 272 180 302 riculo
206 276 345 309 ereptus,
371 272 463 309 paulo
489 276 560 308 post
584 271 743 301 insidiatus
769 272 944 302 auctoribus
966 273 1074 302 salutis

86 321 160 343 suae
186 319 248 344 est:
276 313 362 343 cuius
384 314 454 342 dolo
478 313 598 349 cognito
616 318 645 342 et
659 313 760 350 ipsum
775 315 1073 351 comprehenderunt

56 362 72 384 ὅ
84 360 114 384 et
128 356 255 385 Boxum.
300 355 437 384 Ceterum
452 355 571 384 Boxum
585 355 725 392 protinus
741 355 855 392 placuit
870 356 1007 392 interfici,
1022 356 1069 385 Bi-

85 400 183 426 tonem
200 398 288 426 etiam
305 404 359 433 per
375 397 538 426 cruciatum
560 397 671 426 necari.
714 397 837 434 Iamque
864 397 985 434 corpori
1011 402 1069 427 tor-

84 444 182 468 menta
200 439 454 473 admovebantur,
477 446 569 474 quum
585 438 708 473 Graeci,
731 439 893 475 incertum,
914 439 952 468 ob
980 447 1071 476 quam

55 485 70 507 υ
85 488 223 514 causam,
247 480 410 517 lymphatis
426 480 539 509 similes
561 480 599 508 ad
615 488 697 508 arma
713 480 894 510 discurrunt.
937 480 1071 516 Quorum

86 522 203 551 fremitu
220 521 372 556 exaudito,
400 522 452 558 qui
474 525 617 558 torquere
632 522 768 551 Bitonem
784 522 860 551 iussi
876 527 969 555 erant,
997 522 1068 552 omi-

84 571 161 598 sere,
179 563 278 597 vcriti,
296 572 334 592 ne
350 563 380 592 id
395 564 493 592 lacere
510 563 750 593 tumultuantium
767 563 983 593 vociferatione
999 572 1068 601 pro-

45 609 74 634 to
83 604 265 634 biberentur.
311 605 371 639 Ille,
388 605 466 634 sicut
480 605 612 634 nudatus
628 609 701 640 erat,
716 605 855 642 pervenit
869 606 908 634 ad
925 606 1069 641 Graecos,

83 650 112 675 et
137 646 317 675 miserabilis
339 646 433 675 facies
456 646 606 683 supplicio
630 646 770 676 destinati
792 647 820 675 in
837 647 990 676 diversum
1007 647 1069 676 ani-

43 693 70 717 ll
81 696 147 717 mos
163 692 289 724 repente
306 688 438 722 mutavit,
455 688 623 724 dimittique
636 697 703 717 eum
717 688 878 718 iusserunt.
900 689 966 718 Hoc
979 689 1070 718 modo

82 737 182 766 poena
198 730 244 758 bis
261 729 404 758 liberatus
422 737 489 758 cum
506 729 630 765 ceteris,
648 730 698 766 qui
715 730 852 759 colonias
869 738 886 759 a
899 738 973 766 rege
989 734 1068 759 attri-

81 771 169 800 butas
185 771 381 807 reliquerunt,
398 770 520 800 revertit
534 771 563 799 in
581 771 716 807 patriam.
763 772 845 800 Haec
861 771 941 800 circa
960 772 1069 802 Bactra

81 817 111 841 et
126 812 307 850 Scytharum
323 812 468 841 terminos
485 817 581 848 gesta.

42 857 72 883 12
159 853 226 889 (28)
248 853 369 882 Interim
386 861 488 890 regem
503 854 629 882 duarum
646 853 795 889 gentium,
818 854 856 883 de
873 854 983 890 quibus
999 858 1069 883 ante

80 894 193 925 dictum
206 898 261 930 est,
275 899 395 924 eentum
411 894 501 932 legati
518 895 639 924 adeunt.
683 894 794 924 Omnes
811 903 900 924 curru
916 896 1068 925 veheban-

80 941 135 971 tur,
159 937 271 966 eximia
286 936 492 973 magnitudine
508 944 679 973 corporum,
696 937 808 966 decoro
824 937 942 966 habitu:
970 937 1069 966 lineae

42 981 71 1008 13
80 983 183 1008 vestes
198 978 313 1008 intexto
330 986 403 1008 auro
421 986 616 1014 purpuraque
633 977 801 1007 distinctae.
845 978 878 1006 Ei
900 987 934 1007 se
956 979 1069 1007 dedere

79 1018 182 1056 ipsos,
210 1020 301 1049 urbes
324 1027 477 1056 agrosque
499 1020 686 1054 referebant,
712 1028 768 1056 per
782 1024 825 1049 tot
841 1024 956 1049 aetates
973 1020 1068 1050 invio-

79 1060 168 1090 latam
185 1062 351 1090 libertatcm
373 1061 452 1089 illius
475 1060 603 1097 primum
625 1060 696 1090 fidei
719 1061 887 1098 ditionique
903 1061 1067 1098 permissu-

79 1110 146 1131 ros:
170 1103 246 1132 deos
270 1102 327 1131 sibi
351 1102 514 1132 deditionis
537 1108 694 1137 auctores,
717 1111 777 1132 non
800 1107 924 1131 metum:
953 1103 1068 1139 quippe

39 1143 199 1174 14intactis
216 1144 330 1173 viribus
347 1144 449 1180 iugum
465 1143 617 1180 excipere.
653 1144 727 1177 Rex,
745 1145 872 1173 consilio
889 1144 999 1179 habito,
1017 1145 1068 1173 de-

80 1185 160 1215 ditos
176 1185 205 1214 in
221 1186 311 1215 sidem
327 1185 455 1222 accepit,
474 1185 636 1222 stipendio,
654 1186 736 1222 quod
749 1185 927 1215 Arachosiis
940 1190 1069 1222 utraque

80 1227 159 1256 natio
176 1228 356 1264 pensitabat,
373 1228 525 1263 imposito.
569 1227 727 1256 Praeterea
749 1228 773 1255 Il
795 1227 876 1256 milia
897 1232 926 1256 et
943 1228 965 1256 D
982 1227 1066 1263 equi-

41 1271 123 1298 l5tes
140 1269 282 1306 imperat:
307 1273 336 1298 et
358 1268 459 1297 omnia
481 1268 659 1298 obedienter
674 1278 691 1297 a
707 1268 843 1297 barbaris
861 1269 947 1298 sacta.
989 1269 1066 1297 Invi-

79 1310 146 1339 tatis
162 1310 272 1340 deinde
289 1311 326 1339 ad
343 1311 449 1347 epulas
464 1310 569 1346 legatis
582 1309 715 1346 gentium
728 1310 911 1347 regulisque,
926 1310 1068 1339 exornari

77 1352 250 1381 convivium
266 1352 363 1381 iussit.
407 1352 531 1381 Centum
554 1351 638 1380 aurei
660 1352 729 1381 lecti
751 1351 880 1381 modicis
901 1351 1069 1381 intervallis

79 1393 170 1430 positi
186 1399 284 1423 erant·-
303 1393 387 1422 lectis
404 1393 644 1422 circumdederat
659 1394 766 1422 aulaea
780 1402 915 1430 purpura
930 1401 1069 1429 auroque

79 1435 238 1471 fulgentia,
266 1434 410 1471 quicquid
427 1439 478 1463 aut
493 1435 574 1470 apud
588 1434 697 1464 Persas
713 1439 815 1464 vetere
831 1436 903 1464 luxu
919 1439 970 1464 aut
985 1435 1067 1470 apud

76 1476 261 1506 Macedonas
288 1484 368 1505 nova
387 1475 594 1505 immutatione
613 1480 789 1512 corruptum
809 1480 893 1509 erat,
928 1475 1068 1505 confusis

79 1518 236 1554 utriusque
252 1517 349 1554 gentis
364 1517 452 1551 vitiis,
468 1517 496 1546 in
515 1517 564 1546 illo
582 1517 722 1546 convivio
739 1518 915 1546 ostendens.

39 1564 69 1591 16
153 1560 219 1595 (29)
242 1560 386 1588 Intererat
401 1559 499 1595 epulis
512 1559 682 1595 Dioxippus
695 1558 899 1594 Atheniensis,
916 1557 999 1595 pugil
1013 1566 1061 1587 no-

76 1600 145 1630 bilis
158 1606 187 1630 et
199 1601 237 1630 ob
251 1600 391 1630 eximiam
405 1600 543 1629 virtutem
556 1600 662 1629 virium
675 1600 738 1636 regi
752 1604 899 1636 pernotus
912 1605 941 1630 et
952 1603 1066 1636 gratus.

76 1642 175 1672 Invidi
188 1643 373 1679 malignique
386 1641 583 1678 increpabant
598 1650 653 1678 per
669 1641 749 1670 seria
763 1646 792 1671 et
807 1642 919 1677 ludum,
936 1640 1066 1677 saginati

79 1684 217 1721 corporis
241 1684 329 1721 sequi
350 1683 483 1713 inutilem
505 1684 639 1712 beluam:
664 1691 756 1720 quum
771 1683 830 1720 ipsi
846 1682 994 1720 proelium
1011 1681 1065 1711 ini-

39 1729 69 1755 17
77 1731 158 1760 rent,
181 1726 249 1755 o'eo
272 1726 442 1754 madentem
459 1733 642 1761 praeparare
656 1729 791 1754 ventrem
807 1725 916 1762 epulis.
951 1725 1064 1753 Eadem
