<?xml version="1.0" encoding="UTF-8"?>
<!DOCTYPE html PUBLIC "-//W3C//DTD XHTML 1.0 Transitional//EN"
    "http://www.w3.org/TR/xhtml1/DTD/xhtml1-transitional.dtd">
<html xmlns="http://www.w3.org/1999/xhtml" xml:lang="en" lang="en">
 <head>
  <title>
</title>
<meta http-equiv="Content-Type" content="text/html;charset=utf-8" />
  <meta name='ocr-system' content='tesseract 3.04.00' />
  <meta name='ocr-capabilities' content='ocr_page ocr_carea ocr_par ocr_line ocrx_word'/>
</head>
<body>
  <div class='ocr_page' id='page_1' title='image "./degestisalexand00curtuoft_0274.png"; bbox 0 0 1215 1905; ppageno 0'>
   <div class='ocr_carea' id='block_1_1' title="bbox 120 97 805 134">
    <p class='ocr_par' dir='ltr' id='par_1_1' title="bbox 120 97 805 134">
     <span class='ocr_line' id='line_1_1' title="bbox 120 97 805 134; baseline -0.006 -3"><span class='ocrx_word' id='word_1_1' title='bbox 120 99 182 131; x_wconf 80' lang='lat'><strong>246</strong></span> <span class='ocrx_word' id='word_1_2' title='bbox 466 98 499 134; x_wconf 85' lang='lat' dir='ltr'><strong>Q.</strong></span> <span class='ocrx_word' id='word_1_3' title='bbox 522 98 677 128; x_wconf 87' lang='lat' dir='ltr'><strong>CURTlI</strong></span> <span class='ocrx_word' id='word_1_4' title='bbox 696 97 805 127; x_wconf 86' lang='lat' dir='ltr'><strong>RUFI</strong></span> 
     </span>
    </p>
   </div>
   <div class='ocr_carea' id='block_1_2' title="bbox 119 171 1183 666">
    <p class='ocr_par' dir='ltr' id='par_1_2' title="bbox 119 171 1104 370">
     <span class='ocr_line' id='line_1_2' title="bbox 121 171 1103 209; baseline -0.005 -4"><span class='ocrx_word' id='word_1_5' title='bbox 121 174 244 205; x_wconf 77' lang='lat' dir='ltr'><strong>materIa</strong></span> <span class='ocrx_word' id='word_1_6' title='bbox 259 174 289 203; x_wconf 93' lang='lat' dir='ltr'><strong>in</strong></span> <span class='ocrx_word' id='word_1_7' title='bbox 303 173 418 203; x_wconf 60' lang='lat' dir='ltr'><strong>Libano</strong></span> <span class='ocrx_word' id='word_1_8' title='bbox 439 177 541 203; x_wconf 86' lang='lat' dir='ltr'><strong>monte</strong></span> <span class='ocrx_word' id='word_1_9' title='bbox 557 181 649 203; x_wconf 88' lang='lat' dir='ltr'><strong>caesa</strong></span> <span class='ocrx_word' id='word_1_10' title='bbox 665 173 854 209; x_wconf 81' lang='lat' dir='ltr'>devectaque</span> <span class='ocrx_word' id='word_1_11' title='bbox 868 172 907 201; x_wconf 83' lang='lat' dir='ltr'><strong>ad</strong></span> <span class='ocrx_word' id='word_1_12' title='bbox 925 172 1030 201; x_wconf 90' lang='lat' dir='ltr'><strong>urbem</strong></span> <span class='ocrx_word' id='word_1_13' title='bbox 1046 171 1103 209; x_wconf 82' lang='lat' dir='ltr'><strong>Sy-</strong></span> 
     </span>
     <span class='ocr_line' id='line_1_3' title="bbox 119 213 1102 252; baseline -0.004 -6"><span class='ocrx_word' id='word_1_14' title='bbox 119 217 183 246; x_wconf 88' lang='lat' dir='ltr'><strong>riae</strong></span> <span class='ocrx_word' id='word_1_15' title='bbox 197 214 403 252; x_wconf 64' lang='lat' dir='ltr'><strong>Thapsacum,</strong></span> <span class='ocrx_word' id='word_1_16' title='bbox 424 214 681 252; x_wconf 82' lang='lat' dir='ltr'><strong>septingentarum</strong></span> <span class='ocrx_word' id='word_1_17' title='bbox 702 213 820 243; x_wconf 84' lang='lat' dir='ltr'><strong>carinas</strong></span> <span class='ocrx_word' id='word_1_18' title='bbox 835 213 957 243; x_wconf 85' lang='lat' dir='ltr'><strong>navium</strong></span> <span class='ocrx_word' id='word_1_19' title='bbox 971 221 1102 250; x_wconf 81' lang='lat' dir='ltr'><strong>ponere:</strong></span> 
     </span>
     <span class='ocr_line' id='line_1_4' title="bbox 122 254 1103 294; baseline -0.004 -7"><span class='ocrx_word' id='word_1_20' title='bbox 122 257 302 294; x_wconf 84' lang='lat' dir='ltr'><strong>septiremes</strong></span> <span class='ocrx_word' id='word_1_21' title='bbox 318 264 425 286; x_wconf 88' lang='lat' dir='ltr'><strong>omnes</strong></span> <span class='ocrx_word' id='word_1_22' title='bbox 445 263 516 285; x_wconf 89' lang='lat' dir='ltr'><strong>esse</strong></span> <span class='ocrx_word' id='word_1_23' title='bbox 531 255 704 292; x_wconf 80' lang='lat' dir='ltr'><strong>deducique</strong></span> <span class='ocrx_word' id='word_1_24' title='bbox 724 254 935 293; x_wconf 81' lang='lat' dir='ltr'><strong>Babyloniam.</strong></span> <span class='ocrx_word' id='word_1_25' title='bbox 977 254 1103 293; x_wconf 87' lang='lat' dir='ltr'><strong>Cyprio-</strong></span> 
     </span>
     <span class='ocr_line' id='line_1_5' title="bbox 120 296 1104 335; baseline -0.002 -8"><span class='ocrx_word' id='word_1_26' title='bbox 120 307 187 328; x_wconf 91' lang='lat' dir='ltr'><strong>rum</strong></span> <span class='ocrx_word' id='word_1_27' title='bbox 201 297 325 335; x_wconf 81' lang='lat' dir='ltr'><strong>regibus</strong></span> <span class='ocrx_word' id='word_1_28' title='bbox 339 297 531 334; x_wconf 87' lang='lat' dir='ltr'><strong>imperatum,</strong></span> <span class='ocrx_word' id='word_1_29' title='bbox 546 301 581 327; x_wconf 87' lang='lat' dir='ltr'><strong>ut</strong></span> <span class='ocrx_word' id='word_1_30' title='bbox 595 306 649 327; x_wconf 82' lang='lat' dir='ltr'><strong>aes</strong></span> <span class='ocrx_word' id='word_1_31' title='bbox 665 301 868 334; x_wconf 85' lang='lat' dir='ltr'><strong>stuppamque</strong></span> <span class='ocrx_word' id='word_1_32' title='bbox 890 300 920 326; x_wconf 88' lang='lat' dir='ltr'><strong>et</strong></span> <span class='ocrx_word' id='word_1_33' title='bbox 935 296 1003 325; x_wconf 85' lang='lat' dir='ltr'><strong>vela</strong></span> <span class='ocrx_word' id='word_1_34' title='bbox 1017 303 1104 333; x_wconf 85' lang='lat' dir='ltr'><strong>prae-</strong></span> 
     </span>
     <span class='ocr_line' id='line_1_6' title="bbox 121 341 235 370; baseline -0.009 -1"><span class='ocrx_word' id='word_1_35' title='bbox 121 341 235 370; x_wconf 78' lang='lat' dir='ltr'><strong>herent.</strong></span> 
     </span>
    </p>

    <p class='ocr_par' dir='ltr' id='par_1_3' title="bbox 120 375 1183 582">
     <span class='ocr_line' id='line_1_7' title="bbox 203 375 1174 417; baseline -0.003 -7"><span class='ocrx_word' id='word_1_36' title='bbox 203 381 286 410; x_wconf 83' lang='lat' dir='ltr'><strong>Haec</strong></span> <span class='ocrx_word' id='word_1_37' title='bbox 300 379 401 417; x_wconf 82' lang='lat' dir='ltr'><strong>agenti</strong></span> <span class='ocrx_word' id='word_1_38' title='bbox 415 379 483 409; x_wconf 88' lang='lat' dir='ltr'><strong>Pori</strong></span> <span class='ocrx_word' id='word_1_39' title='bbox 498 384 528 409; x_wconf 84' lang='lat' dir='ltr'><strong>et</strong></span> <span class='ocrx_word' id='word_1_40' title='bbox 541 379 654 409; x_wconf 80' lang='lat' dir='ltr'><strong>Taxilis</strong></span> <span class='ocrx_word' id='word_1_41' title='bbox 676 388 780 416; x_wconf 84' lang='lat' dir='ltr'><strong>regum</strong></span> <span class='ocrx_word' id='word_1_42' title='bbox 801 379 916 410; x_wconf 80' lang='lat' dir='ltr'>litterae</span> <span class='ocrx_word' id='word_1_43' title='bbox 938 379 1104 414; x_wconf 84' lang='lat' dir='ltr'><strong>traduntur,</strong></span> <span class='ocrx_word' id='word_1_44' title='bbox 1112 382 1146 408; x_wconf 77' lang='lat'><strong>20</strong></span> <span class='ocrx_word' id='word_1_45' title='bbox 1170 375 1174 414; x_wconf 72' lang='lat'>[</span> 
     </span>
     <span class='ocr_line' id='line_1_8' title="bbox 120 420 1103 458; baseline -0.004 -6"><span class='ocrx_word' id='word_1_46' title='bbox 120 422 270 452; x_wconf 76' lang='lat' dir='ltr'><strong>Abis5ren</strong></span> <span class='ocrx_word' id='word_1_47' title='bbox 291 422 412 456; x_wconf 82' lang='lat' dir='ltr'><strong>morbo,</strong></span> <span class='ocrx_word' id='word_1_48' title='bbox 434 420 620 458; x_wconf 83' lang='lat' dir='ltr'>Philippum,</span> <span class='ocrx_word' id='word_1_49' title='bbox 642 422 827 458; x_wconf 80' lang='lat' dir='ltr'><strong>praefectum</strong></span> <span class='ocrx_word' id='word_1_50' title='bbox 847 421 961 458; x_wconf 90' lang='lat' dir='ltr'><strong>ipsius,</strong></span> <span class='ocrx_word' id='word_1_51' title='bbox 983 428 1025 449; x_wconf 87' lang='lat' dir='ltr'><strong>ex</strong></span> <span class='ocrx_word' id='word_1_52' title='bbox 1039 420 1103 448; x_wconf 93' lang='lat' dir='ltr'><strong>vul—</strong></span> 
     </span>
     <span class='ocr_line' id='line_1_9' title="bbox 121 460 1177 501; baseline -0.002 -8"><span class='ocrx_word' id='word_1_53' title='bbox 121 472 193 494; x_wconf 84' lang='lat' dir='ltr'><strong>nere</strong></span> <span class='ocrx_word' id='word_1_54' title='bbox 208 462 348 493; x_wconf 80' lang='lat' dir='ltr'><strong>interisse</strong></span> <span class='ocrx_word' id='word_1_55' title='bbox 364 471 609 500; x_wconf 80' lang='lat' dir='ltr'><strong>oppressosque,</strong></span> <span class='ocrx_word' id='word_1_56' title='bbox 635 462 685 499; x_wconf 88' lang='lat' dir='ltr'><strong>qui</strong></span> <span class='ocrx_word' id='word_1_57' title='bbox 700 463 913 492; x_wconf 80' lang='lat' dir='ltr'><strong>vulnerassent</strong></span> <span class='ocrx_word' id='word_1_58' title='bbox 927 470 1005 492; x_wconf 86' lang='lat' dir='ltr'><strong>eum.</strong></span> <span class='ocrx_word' id='word_1_59' title='bbox 1047 460 1144 497; x_wconf 78' lang='lat' dir='ltr'><strong>lgi—21</strong></span> <span class='ocrx_word' id='word_1_60' title='bbox 1170 478 1177 501; x_wconf 67' lang='lat'>1</span> 
     </span>
     <span class='ocr_line' id='line_1_10' title="bbox 120 503 1182 542; baseline -0.004 -7"><span class='ocrx_word' id='word_1_61' title='bbox 120 511 168 535; x_wconf 92' lang='lat' dir='ltr'><strong>tur</strong></span> <span class='ocrx_word' id='word_1_62' title='bbox 187 504 324 542; x_wconf 85' lang='lat' dir='ltr'><strong>Philippo</strong></span> <span class='ocrx_word' id='word_1_63' title='bbox 341 504 494 534; x_wconf 79' lang='lat' dir='ltr'><strong>substituit</strong></span> <span class='ocrx_word' id='word_1_64' title='bbox 507 504 730 534; x_wconf 70' lang='lat' dir='ltr'><strong>Eudaemonem</strong></span> <span class='ocrx_word' id='word_1_65' title='bbox 751 504 828 540; x_wconf 89' lang='lat' dir='ltr'><strong>(dux</strong></span> <span class='ocrx_word' id='word_1_66' title='bbox 849 508 913 534; x_wconf 84' lang='lat' dir='ltr'><strong>erat</strong></span> <span class='ocrx_word' id='word_1_67' title='bbox 932 503 1103 538; x_wconf 86' lang='lat' dir='ltr'><strong>Thracum),</strong></span> <span class='ocrx_word' id='word_1_68' title='bbox 1176 505 1182 512; x_wconf 86' lang='lat'><strong>‘</strong></span> 
     </span>
     <span class='ocr_line' id='line_1_11' title="bbox 121 545 1183 582; baseline -0.003 -6"><span class='ocrx_word' id='word_1_69' title='bbox 121 546 259 576; x_wconf 63' lang='lat' dir='ltr'><strong>Abisaris</strong></span> <span class='ocrx_word' id='word_1_70' title='bbox 273 554 400 582; x_wconf 85' lang='lat' dir='ltr'><strong>regnum</strong></span> <span class='ocrx_word' id='word_1_71' title='bbox 414 545 476 575; x_wconf 84' lang='lat' dir='ltr'><strong>filio</strong></span> <span class='ocrx_word' id='word_1_72' title='bbox 493 545 559 575; x_wconf 88' lang='lat' dir='ltr'><strong>eius</strong></span> <span class='ocrx_word' id='word_1_73' title='bbox 574 545 714 575; x_wconf 81' lang='lat' dir='ltr'><strong>attribuit.</strong></span> <span class='ocrx_word' id='word_1_74' title='bbox 1177 573 1183 580; x_wconf 63' lang='lat'>,</span> 
     </span>
    </p>

    <p class='ocr_par' dir='ltr' id='par_1_4' title="bbox 121 586 1183 666">
     <span class='ocr_line' id='line_1_12' title="bbox 204 586 1179 623; baseline -0.002 -6"><span class='ocrx_word' id='word_1_75' title='bbox 204 586 250 623; x_wconf 84' lang='lat'><strong>(4)</strong></span> <span class='ocrx_word' id='word_1_76' title='bbox 276 588 407 617; x_wconf 80' lang='lat' dir='ltr'><strong>Ventum</strong></span> <span class='ocrx_word' id='word_1_77' title='bbox 422 591 469 617; x_wconf 84' lang='lat' dir='ltr'><strong>est</strong></span> <span class='ocrx_word' id='word_1_78' title='bbox 484 587 594 616; x_wconf 87' lang='lat' dir='ltr'><strong>deinde</strong></span> <span class='ocrx_word' id='word_1_79' title='bbox 608 586 788 623; x_wconf 64' lang='lat' dir='ltr'><strong>Pers-agada.</strong></span> <span class='ocrx_word' id='word_1_80' title='bbox 831 586 954 616; x_wconf 84' lang='lat' dir='ltr'><strong>Persica</strong></span> <span class='ocrx_word' id='word_1_81' title='bbox 996 602 1024 620; x_wconf 67' lang='grc' dir='ltr'><strong>Α,</strong></span> <span class='ocrx_word' id='word_1_82' title='bbox 1041 601 1079 621; x_wconf 70' lang='lat'><strong>³24</strong></span> <span class='ocrx_word' id='word_1_83' title='bbox 1112 589 1146 616; x_wconf 75' lang='lat'><strong>22</strong></span> <span class='ocrx_word' id='word_1_84' title='bbox 1164 608 1179 615; x_wconf 50' lang='lat'><em>2</em></span> 
     </span>
     <span class='ocr_line' id='line_1_13' title="bbox 121 625 1183 666; baseline -0.003 -7"><span class='ocrx_word' id='word_1_85' title='bbox 121 634 168 659; x_wconf 86' lang='lat' dir='ltr'><strong>est</strong></span> <span class='ocrx_word' id='word_1_86' title='bbox 182 637 273 666; x_wconf 82' lang='lat' dir='ltr'><strong>gens,</strong></span> <span class='ocrx_word' id='word_1_87' title='bbox 295 628 381 658; x_wconf 85' lang='lat' dir='ltr'><strong>cuius</strong></span> <span class='ocrx_word' id='word_1_88' title='bbox 398 633 535 665; x_wconf 85' lang='lat' dir='ltr'><strong>satrapes</strong></span> <span class='ocrx_word' id='word_1_89' title='bbox 552 628 676 658; x_wconf 82' lang='lat' dir='ltr'><strong>Orsines</strong></span> <span class='ocrx_word' id='word_1_90' title='bbox 697 632 774 664; x_wconf 82' lang='lat' dir='ltr'><strong>erat,</strong></span> <span class='ocrx_word' id='word_1_91' title='bbox 798 627 953 658; x_wconf 84' lang='lat' dir='ltr'><strong>nobilitate</strong></span> <span class='ocrx_word' id='word_1_92' title='bbox 983 625 1088 645; x_wconf 43' lang='lat' dir='ltr'><strong>mehr-¹³·</strong></span> <span class='ocrx_word' id='word_1_93' title='bbox 1182 632 1183 642; x_wconf 68' lang='lat'>¹</span> 
     </span>
    </p>
   </div>
   <div class='ocr_carea' id='block_1_3' title="bbox 121 654 1183 701">
    <p class='ocr_par' dir='ltr' id='par_1_5' title="bbox 121 654 1183 701">
     <span class='ocr_line' id='line_1_14' title="bbox 121 654 1183 701; baseline -0.002 -1"><span class='ocrx_word' id='word_1_94' title='bbox 121 679 156 700; x_wconf 84' lang='lat' dir='ltr'><strong>ac</strong></span> <span class='ocrx_word' id='word_1_95' title='bbox 172 670 283 700; x_wconf 88' lang='lat' dir='ltr'><strong>divitiis</strong></span> <span class='ocrx_word' id='word_1_96' title='bbox 299 670 375 699; x_wconf 83' lang='lat' dir='ltr'><strong>inter</strong></span> <span class='ocrx_word' id='word_1_97' title='bbox 390 678 495 699; x_wconf 90' lang='lat' dir='ltr'><strong>omnes</strong></span> <span class='ocrx_word' id='word_1_98' title='bbox 512 671 657 699; x_wconf 85' lang='lat' dir='ltr'><strong>barbaros</strong></span> <span class='ocrx_word' id='word_1_99' title='bbox 673 669 819 699; x_wconf 88' lang='lat' dir='ltr'><strong>eminens.</strong></span> <span class='ocrx_word' id='word_1_100' title='bbox 851 670 952 699; x_wconf 87' lang='lat' dir='ltr'><strong>Genus</strong></span> <span class='ocrx_word' id='word_1_101' title='bbox 972 654 1101 700; x_wconf 57' lang='lat' dir='ltr'><strong>0¹1¹f⁰i¹i⁰³²f&#39;4</strong></span> <span class='ocrx_word' id='word_1_102' title='bbox 1112 672 1146 698; x_wconf 81' lang='lat'><strong>23</strong></span> <span class='ocrx_word' id='word_1_103' title='bbox 1170 661 1183 701; x_wconf 58' lang='lat' dir='ltr'>j</span> 
     </span>
    </p>
   </div>
   <div class='ocr_carea' id='block_1_4' title="bbox 1147 0 1208 1905">
    <p class='ocr_par' dir='ltr' id='par_1_6' title="bbox 1147 0 1208 1905">
     <span class='ocr_line' id='line_1_15' title="bbox 1147 0 1208 1905; baseline 0 -1551"><span class='ocrx_word' id='word_1_104' title='bbox 1147 0 1208 1905; x_wconf 95' lang='lat' dir='ltr'><strong>     </strong></span> 
     </span>
    </p>
   </div>
   <div class='ocr_carea' id='block_1_5' title="bbox 114 710 1187 1740">
    <p class='ocr_par' dir='ltr' id='par_1_7' title="bbox 114 710 1187 1740">
     <span class='ocr_line' id='line_1_16' title="bbox 121 710 1102 749; baseline -0.001 -8"><span class='ocrx_word' id='word_1_105' title='bbox 121 712 252 741; x_wconf 85' lang='lat' dir='ltr'><strong>ducebat</strong></span> <span class='ocrx_word' id='word_1_106' title='bbox 267 720 284 740; x_wconf 88' lang='lat' dir='ltr'><strong>a</strong></span> <span class='ocrx_word' id='word_1_107' title='bbox 299 712 389 749; x_wconf 85' lang='lat' dir='ltr'><strong>Cyro,</strong></span> <span class='ocrx_word' id='word_1_108' title='bbox 406 712 558 748; x_wconf 84' lang='lat' dir='ltr'><strong>quondam</strong></span> <span class='ocrx_word' id='word_1_109' title='bbox 574 720 645 748; x_wconf 80' lang='lat' dir='ltr'><strong>rege</strong></span> <span class='ocrx_word' id='word_1_110' title='bbox 660 711 834 740; x_wconf 84' lang='lat' dir='ltr'><strong>Persarum:</strong></span> <span class='ocrx_word' id='word_1_111' title='bbox 850 719 928 748; x_wconf 84' lang='lat' dir='ltr'><strong>opes</strong></span> <span class='ocrx_word' id='word_1_112' title='bbox 940 715 998 740; x_wconf 83' lang='lat' dir='ltr'><strong>eta</strong></span> <span class='ocrx_word' id='word_1_113' title='bbox 1008 710 1102 740; x_wconf 89' lang='lat' dir='ltr'><strong>maio-</strong></span> 
     </span>
     <span class='ocr_line' id='line_1_17' title="bbox 120 752 1103 790; baseline -0.001 -8"><span class='ocrx_word' id='word_1_114' title='bbox 120 753 204 782; x_wconf 88' lang='lat' dir='ltr'><strong>ribus</strong></span> <span class='ocrx_word' id='word_1_115' title='bbox 219 752 344 783; x_wconf 76' lang='lat' dir='ltr'><strong>traditas</strong></span> <span class='ocrx_word' id='word_1_116' title='bbox 360 752 490 782; x_wconf 81' lang='lat' dir='ltr'><strong>habebat</strong></span> <span class='ocrx_word' id='word_1_117' title='bbox 512 757 541 783; x_wconf 86' lang='lat' dir='ltr'><strong>et</strong></span> <span class='ocrx_word' id='word_1_118' title='bbox 562 753 630 790; x_wconf 86' lang='lat' dir='ltr'><strong>ipse</strong></span> <span class='ocrx_word' id='word_1_119' title='bbox 651 753 741 789; x_wconf 85' lang='lat' dir='ltr'><strong>longa</strong></span> <span class='ocrx_word' id='word_1_120' title='bbox 763 752 881 790; x_wconf 85' lang='lat' dir='ltr'><strong>imperii</strong></span> <span class='ocrx_word' id='word_1_121' title='bbox 902 752 1103 789; x_wconf 85' lang='lat' dir='ltr'><strong>possessione</strong></span> 
     </span>
     <span class='ocr_line' id='line_1_18' title="bbox 121 793 1144 831; baseline -0.002 -7"><span class='ocrx_word' id='word_1_122' title='bbox 121 795 335 824; x_wconf 80' lang='lat' dir='ltr'><strong>cumulaverat.</strong></span> <span class='ocrx_word' id='word_1_123' title='bbox 378 795 407 824; x_wconf 87' lang='lat' dir='ltr'><strong>Is</strong></span> <span class='ocrx_word' id='word_1_124' title='bbox 421 794 486 831; x_wconf 83' lang='lat' dir='ltr'><strong>regi</strong></span> <span class='ocrx_word' id='word_1_125' title='bbox 502 802 570 824; x_wconf 90' lang='lat' dir='ltr'><strong>cum</strong></span> <span class='ocrx_word' id='word_1_126' title='bbox 585 794 682 824; x_wconf 89' lang='lat' dir='ltr'><strong>omnis</strong></span> <span class='ocrx_word' id='word_1_127' title='bbox 698 794 818 830; x_wconf 82' lang='lat' dir='ltr'><strong>generis</strong></span> <span class='ocrx_word' id='word_1_128' title='bbox 834 793 940 829; x_wconf 89' lang='lat' dir='ltr'><strong>donis,</strong></span> <span class='ocrx_word' id='word_1_129' title='bbox 962 802 1022 823; x_wconf 90' lang='lat' dir='ltr'><strong>non</strong></span> <span class='ocrx_word' id='word_1_130' title='bbox 1044 793 1103 830; x_wconf 88' lang='lat' dir='ltr'><strong>ipsi</strong></span> <span class='ocrx_word' id='word_1_131' title='bbox 1111 797 1144 822; x_wconf 79' lang='lat'><strong>24</strong></span> 
     </span>
     <span class='ocr_line' id='line_1_19' title="bbox 120 834 1101 871; baseline -0.001 -6"><span class='ocrx_word' id='word_1_132' title='bbox 120 836 211 866; x_wconf 84' lang='lat' dir='ltr'><strong>inodo</strong></span> <span class='ocrx_word' id='word_1_133' title='bbox 228 844 272 871; x_wconf 89' lang='lat' dir='ltr'><strong>ea,</strong></span> <span class='ocrx_word' id='word_1_134' title='bbox 290 836 345 865; x_wconf 86' lang='lat' dir='ltr'><strong>sed</strong></span> <span class='ocrx_word' id='word_1_135' title='bbox 361 835 449 865; x_wconf 84' lang='lat' dir='ltr'><strong>etiam</strong></span> <span class='ocrx_word' id='word_1_136' title='bbox 464 835 569 865; x_wconf 86' lang='lat' dir='ltr'><strong>amicis</strong></span> <span class='ocrx_word' id='word_1_137' title='bbox 585 835 650 865; x_wconf 86' lang='lat' dir='ltr'><strong>eius</strong></span> <span class='ocrx_word' id='word_1_138' title='bbox 666 836 800 870; x_wconf 82' lang='lat' dir='ltr'><strong>daturus,</strong></span> <span class='ocrx_word' id='word_1_139' title='bbox 819 834 957 865; x_wconf 86' lang='lat' dir='ltr'><strong>occurrit.</strong></span> <span class='ocrx_word' id='word_1_140' title='bbox 1000 835 1101 870; x_wconf 89' lang='lat' dir='ltr'><strong>Equo-</strong></span> 
     </span>
     <span class='ocr_line' id='line_1_20' title="bbox 119 876 1101 913; baseline -0.001 -7"><span class='ocrx_word' id='word_1_141' title='bbox 119 886 185 907; x_wconf 88' lang='lat' dir='ltr'><strong>rum</strong></span> <span class='ocrx_word' id='word_1_142' title='bbox 199 876 304 907; x_wconf 90' lang='lat' dir='ltr'><strong>domiti</strong></span> <span class='ocrx_word' id='word_1_143' title='bbox 319 885 427 913; x_wconf 83' lang='lat' dir='ltr'><strong>greges</strong></span> <span class='ocrx_word' id='word_1_144' title='bbox 443 877 649 913; x_wconf 74' lang='lat' dir='ltr'><strong>sequebantur</strong></span> <span class='ocrx_word' id='word_1_145' title='bbox 664 885 832 913; x_wconf 82' lang='lat' dir='ltr'><strong>currusque</strong></span> <span class='ocrx_word' id='word_1_146' title='bbox 847 880 971 913; x_wconf 84' lang='lat' dir='ltr'><strong>argento</strong></span> <span class='ocrx_word' id='word_1_147' title='bbox 987 880 1017 905; x_wconf 87' lang='lat' dir='ltr'><strong>et</strong></span> <span class='ocrx_word' id='word_1_148' title='bbox 1027 884 1101 905; x_wconf 81' lang='lat' dir='ltr'><strong>auro</strong></span> 
     </span>
     <span class='ocr_line' id='line_1_21' title="bbox 119 918 1103 955; baseline -0.003 -7"><span class='ocrx_word' id='word_1_149' title='bbox 119 918 272 954; x_wconf 85' lang='lat' dir='ltr'><strong>adornati,</strong></span> <span class='ocrx_word' id='word_1_150' title='bbox 301 918 436 955; x_wconf 85' lang='lat' dir='ltr'><strong>pretiosa</strong></span> <span class='ocrx_word' id='word_1_151' title='bbox 462 919 602 955; x_wconf 81' lang='lat' dir='ltr'><strong>supellex</strong></span> <span class='ocrx_word' id='word_1_152' title='bbox 628 923 657 948; x_wconf 86' lang='lat' dir='ltr'><strong>et</strong></span> <span class='ocrx_word' id='word_1_153' title='bbox 682 918 801 947; x_wconf 87' lang='lat' dir='ltr'><strong>nobiles</strong></span> <span class='ocrx_word' id='word_1_154' title='bbox 830 925 980 954; x_wconf 81' lang='lat' dir='ltr'><strong>gemmae,</strong></span> <span class='ocrx_word' id='word_1_155' title='bbox 1010 925 1103 946; x_wconf 82' lang='lat' dir='ltr'><strong>aurea</strong></span> 
     </span>
     <span class='ocr_line' id='line_1_22' title="bbox 118 957 1101 996; baseline -0.003 -7"><span class='ocrx_word' id='word_1_156' title='bbox 118 960 218 996; x_wconf 83' lang='lat' dir='ltr'><strong>magni</strong></span> <span class='ocrx_word' id='word_1_157' title='bbox 234 958 379 996; x_wconf 84' lang='lat' dir='ltr'><strong>ponderis</strong></span> <span class='ocrx_word' id='word_1_158' title='bbox 399 968 475 988; x_wconf 88' lang='lat' dir='ltr'><strong>vasa</strong></span> <span class='ocrx_word' id='word_1_159' title='bbox 497 963 662 996; x_wconf 88' lang='lat' dir='ltr'><strong>vestesque</strong></span> <span class='ocrx_word' id='word_1_160' title='bbox 683 967 856 996; x_wconf 80' lang='lat' dir='ltr'><strong>purpureae</strong></span> <span class='ocrx_word' id='word_1_161' title='bbox 877 962 906 988; x_wconf 87' lang='lat' dir='ltr'><strong>et</strong></span> <span class='ocrx_word' id='word_1_162' title='bbox 926 957 1035 994; x_wconf 84' lang='lat' dir='ltr'><strong>signati</strong></span> <span class='ocrx_word' id='word_1_163' title='bbox 1056 966 1101 987; x_wconf 83' lang='lat' dir='ltr'><strong>ar-</strong></span> 
     </span>
     <span class='ocr_line' id='line_1_23' title="bbox 118 998 1142 1038; baseline -0.002 -8"><span class='ocrx_word' id='word_1_164' title='bbox 118 1001 200 1038; x_wconf 85' lang='lat' dir='ltr'><strong>genti</strong></span> <span class='ocrx_word' id='word_1_165' title='bbox 215 1001 358 1030; x_wconf 75' lang='lat' dir='ltr'><strong>talentum</strong></span> <span class='ocrx_word' id='word_1_166' title='bbox 378 1000 435 1030; x_wconf 88' lang='lat' dir='ltr'><strong>tria</strong></span> <span class='ocrx_word' id='word_1_167' title='bbox 449 1000 539 1030; x_wconf 84' lang='lat' dir='ltr'><strong>milia.</strong></span> <span class='ocrx_word' id='word_1_168' title='bbox 582 1000 720 1030; x_wconf 85' lang='lat' dir='ltr'><strong>Ceterum</strong></span> <span class='ocrx_word' id='word_1_169' title='bbox 740 1004 822 1030; x_wconf 76' lang='lat' dir='ltr'><strong>tanta</strong></span> <span class='ocrx_word' id='word_1_170' title='bbox 841 998 1011 1036; x_wconf 82' lang='lat' dir='ltr'><strong>benignitas</strong></span> <span class='ocrx_word' id='word_1_171' title='bbox 1036 999 1103 1028; x_wconf 89' lang='lat' dir='ltr'><strong>bar·</strong></span> <span class='ocrx_word' id='word_1_172' title='bbox 1111 1002 1142 1028; x_wconf 80' lang='lat'><strong>25</strong></span> 
     </span>
     <span class='ocr_line' id='line_1_24' title="bbox 117 1040 1102 1079; baseline -0.003 -7"><span class='ocrx_word' id='word_1_173' title='bbox 117 1043 192 1072; x_wconf 86' lang='lat' dir='ltr'><strong>baro</strong></span> <span class='ocrx_word' id='word_1_174' title='bbox 208 1050 301 1072; x_wconf 83' lang='lat' dir='ltr'><strong>causa</strong></span> <span class='ocrx_word' id='word_1_175' title='bbox 316 1042 420 1072; x_wconf 88' lang='lat' dir='ltr'><strong>mortis</strong></span> <span class='ocrx_word' id='word_1_176' title='bbox 442 1041 505 1072; x_wconf 79' lang='lat' dir='ltr'><strong>fuit.</strong></span> <span class='ocrx_word' id='word_1_177' title='bbox 548 1042 622 1071; x_wconf 80' lang='lat' dir='ltr'><strong>Nam</strong></span> <span class='ocrx_word' id='word_1_178' title='bbox 644 1050 735 1079; x_wconf 88' lang='lat' dir='ltr'><strong>quum</strong></span> <span class='ocrx_word' id='word_1_179' title='bbox 757 1050 863 1071; x_wconf 89' lang='lat' dir='ltr'><strong>omnes</strong></span> <span class='ocrx_word' id='word_1_180' title='bbox 884 1040 999 1070; x_wconf 82' lang='lat' dir='ltr'><strong>amicos</strong></span> <span class='ocrx_word' id='word_1_181' title='bbox 1021 1040 1102 1077; x_wconf 86' lang='lat' dir='ltr'><strong>regis</strong></span> 
     </span>
     <span class='ocr_line' id='line_1_25' title="bbox 119 1081 1102 1120; baseline -0.004 -6"><span class='ocrx_word' id='word_1_182' title='bbox 119 1083 208 1114; x_wconf 89' lang='lat' dir='ltr'><strong>donis</strong></span> <span class='ocrx_word' id='word_1_183' title='bbox 224 1091 317 1120; x_wconf 84' lang='lat' dir='ltr'><strong>super</strong></span> <span class='ocrx_word' id='word_1_184' title='bbox 332 1083 468 1120; x_wconf 87' lang='lat' dir='ltr'><strong>ipsorum</strong></span> <span class='ocrx_word' id='word_1_185' title='bbox 485 1088 555 1113; x_wconf 81' lang='lat' dir='ltr'><strong>vota</strong></span> <span class='ocrx_word' id='word_1_186' title='bbox 571 1083 731 1118; x_wconf 83' lang='lat' dir='ltr'><strong>coluisset,</strong></span> <span class='ocrx_word' id='word_1_187' title='bbox 751 1083 873 1120; x_wconf 74' lang='lat' dir='ltr'><strong>Bagoae</strong></span> <span class='ocrx_word' id='word_1_188' title='bbox 889 1081 1033 1119; x_wconf 86' lang='lat' dir='ltr'><strong>spadoni,</strong></span> <span class='ocrx_word' id='word_1_189' title='bbox 1051 1082 1102 1118; x_wconf 88' lang='lat' dir='ltr'><strong>qui</strong></span> 
     </span>
     <span class='ocr_line' id='line_1_26' title="bbox 118 1123 1103 1162; baseline -0.003 -8"><span class='ocrx_word' id='word_1_190' title='bbox 118 1125 325 1155; x_wconf 84' lang='lat' dir='ltr'><strong>Alexandrum</strong></span> <span class='ocrx_word' id='word_1_191' title='bbox 348 1125 495 1162; x_wconf 87' lang='lat' dir='ltr'><strong>obsequio</strong></span> <span class='ocrx_word' id='word_1_192' title='bbox 523 1124 660 1161; x_wconf 86' lang='lat' dir='ltr'><strong>corporis</strong></span> <span class='ocrx_word' id='word_1_193' title='bbox 687 1124 865 1154; x_wconf 82' lang='lat' dir='ltr'><strong>devinxerat</strong></span> <span class='ocrx_word' id='word_1_194' title='bbox 890 1123 963 1159; x_wconf 86' lang='lat' dir='ltr'><strong>sibi,</strong></span> <span class='ocrx_word' id='word_1_195' title='bbox 988 1123 1103 1152; x_wconf 91' lang='lat' dir='ltr'><strong>nullum</strong></span> 
     </span>
     <span class='ocr_line' id='line_1_27' title="bbox 118 1164 1187 1203; baseline -0.002 -8"><span class='ocrx_word' id='word_1_196' title='bbox 118 1167 264 1196; x_wconf 89' lang='lat' dir='ltr'><strong>honorem</strong></span> <span class='ocrx_word' id='word_1_197' title='bbox 280 1166 392 1196; x_wconf 71' lang='lat' dir='ltr'><strong>habuit,</strong></span> <span class='ocrx_word' id='word_1_198' title='bbox 435 1166 679 1203; x_wconf 88' lang='lat' dir='ltr'><strong>Admonitusque</strong></span> <span class='ocrx_word' id='word_1_199' title='bbox 694 1174 712 1195; x_wconf 89' lang='lat' dir='ltr'><strong>a</strong></span> <span class='ocrx_word' id='word_1_200' title='bbox 727 1165 918 1202; x_wconf 88' lang='lat' dir='ltr'><strong>quibusdam,</strong></span> <span class='ocrx_word' id='word_1_201' title='bbox 935 1164 1102 1201; x_wconf 84' lang='lat' dir='ltr'><strong>quamAle-</strong></span> <span class='ocrx_word' id='word_1_202' title='bbox 1110 1167 1143 1194; x_wconf 82' lang='lat'><strong>26</strong></span> <span class='ocrx_word' id='word_1_203' title='bbox 1182 1193 1187 1197; x_wconf 86' lang='grc'><strong>,</strong></span> 
     </span>
     <span class='ocr_line' id='line_1_28' title="bbox 117 1206 1186 1244; baseline -0.003 -7"><span class='ocrx_word' id='word_1_204' title='bbox 117 1208 235 1237; x_wconf 85' lang='lat' dir='ltr'><strong>xandro</strong></span> <span class='ocrx_word' id='word_1_205' title='bbox 249 1207 334 1237; x_wconf 90' lang='lat' dir='ltr'><strong>cordi</strong></span> <span class='ocrx_word' id='word_1_206' title='bbox 346 1213 438 1244; x_wconf 86' lang='lat' dir='ltr'><strong>esset,</strong></span> <span class='ocrx_word' id='word_1_207' title='bbox 453 1208 619 1244; x_wconf 75' lang='lat' dir='ltr'><strong>respondit,</strong></span> <span class='ocrx_word' id='word_1_208' title='bbox 636 1207 751 1237; x_wconf 87' lang='lat' dir='ltr'><strong>amicos</strong></span> <span class='ocrx_word' id='word_1_209' title='bbox 766 1206 857 1244; x_wconf 82' lang='lat' dir='ltr'><strong>regis,</strong></span> <span class='ocrx_word' id='word_1_210' title='bbox 874 1215 934 1236; x_wconf 88' lang='lat' dir='ltr'><strong>non</strong></span> <span class='ocrx_word' id='word_1_211' title='bbox 951 1209 1053 1235; x_wconf 87' lang='lat' dir='ltr'><strong>scorta</strong></span> <span class='ocrx_word' id='word_1_212' title='bbox 1068 1213 1103 1235; x_wconf 87' lang='lat' dir='ltr'><strong>se</strong></span> <span class='ocrx_word' id='word_1_213' title='bbox 1184 1214 1186 1218; x_wconf 44' lang='lat'>³</span> 
     </span>
     <span class='ocr_line' id='line_1_29' title="bbox 117 1247 1185 1286; baseline -0.003 -8"><span class='ocrx_word' id='word_1_214' title='bbox 117 1250 218 1279; x_wconf 85' lang='lat' dir='ltr'><strong>colere</strong></span> <span class='ocrx_word' id='word_1_215' title='bbox 239 1257 295 1278; x_wconf 89' lang='lat' dir='ltr'><strong>nec</strong></span> <span class='ocrx_word' id='word_1_216' title='bbox 316 1248 410 1279; x_wconf 90' lang='lat' dir='ltr'><strong>moris</strong></span> <span class='ocrx_word' id='word_1_217' title='bbox 431 1257 502 1278; x_wconf 86' lang='lat' dir='ltr'><strong>esse</strong></span> <span class='ocrx_word' id='word_1_218' title='bbox 516 1248 632 1284; x_wconf 89' lang='lat' dir='ltr'><strong>Persis,</strong></span> <span class='ocrx_word' id='word_1_219' title='bbox 657 1257 757 1278; x_wconf 76' lang='lat' dir='ltr'><strong>mares</strong></span> <span class='ocrx_word' id='word_1_220' title='bbox 778 1249 905 1283; x_wconf 86' lang='lat' dir='ltr'><strong>ducere,</strong></span> <span class='ocrx_word' id='word_1_221' title='bbox 928 1247 980 1284; x_wconf 91' lang='lat' dir='ltr'><strong>qui</strong></span> <span class='ocrx_word' id='word_1_222' title='bbox 995 1251 1102 1283; x_wconf 84' lang='lat' dir='ltr'><strong>stupro</strong></span> <span class='ocrx_word' id='word_1_223' title='bbox 1184 1283 1185 1286; x_wconf 11' lang='grc' dir='ltr'><strong>Ἴ</strong></span> 
     </span>
     <span class='ocr_line' id='line_1_30' title="bbox 116 1287 1186 1327; baseline -0.003 -7"><span class='ocrx_word' id='word_1_224' title='bbox 116 1291 371 1320; x_wconf 84' lang='lat' dir='ltr'><strong>effeminarentur.</strong></span> <span class='ocrx_word' id='word_1_225' title='bbox 413 1289 467 1319; x_wconf 88' lang='lat' dir='ltr'><strong>His</strong></span> <span class='ocrx_word' id='word_1_226' title='bbox 493 1290 619 1325; x_wconf 85' lang='lat' dir='ltr'><strong>auditis,</strong></span> <span class='ocrx_word' id='word_1_227' title='bbox 646 1291 743 1327; x_wconf 86' lang='lat' dir='ltr'><strong>spado</strong></span> <span class='ocrx_word' id='word_1_228' title='bbox 764 1290 928 1326; x_wconf 86' lang='lat' dir='ltr'><strong>potentiam</strong></span> <span class='ocrx_word' id='word_1_229' title='bbox 944 1287 1058 1325; x_wconf 82' lang='lat' dir='ltr'><strong>flagitio</strong></span> <span class='ocrx_word' id='word_1_230' title='bbox 1075 1290 1143 1318; x_wconf 83' lang='lat' dir='ltr'><strong>et27</strong></span> <span class='ocrx_word' id='word_1_231' title='bbox 1183 1306 1186 1313; x_wconf 86' lang='lat'><em>·</em></span> 
     </span>
     <span class='ocr_line' id='line_1_31' title="bbox 117 1329 1101 1368; baseline -0.003 -7"><span class='ocrx_word' id='word_1_232' title='bbox 117 1332 269 1361; x_wconf 86' lang='lat' dir='ltr'><strong>dedecore</strong></span> <span class='ocrx_word' id='word_1_233' title='bbox 285 1331 452 1367; x_wconf 85' lang='lat' dir='ltr'><strong>quaesitam</strong></span> <span class='ocrx_word' id='word_1_234' title='bbox 469 1331 497 1360; x_wconf 90' lang='lat' dir='ltr'><strong>in</strong></span> <span class='ocrx_word' id='word_1_235' title='bbox 519 1335 611 1368; x_wconf 83' lang='lat' dir='ltr'><strong>caput</strong></span> <span class='ocrx_word' id='word_1_236' title='bbox 626 1331 805 1361; x_wconf 84' lang='lat' dir='ltr'><strong>nobilissimi</strong></span> <span class='ocrx_word' id='word_1_237' title='bbox 825 1335 854 1360; x_wconf 87' lang='lat' dir='ltr'><strong>et</strong></span> <span class='ocrx_word' id='word_1_238' title='bbox 869 1329 998 1360; x_wconf 86' lang='lat' dir='ltr'><strong>insontis</strong></span> <span class='ocrx_word' id='word_1_239' title='bbox 1015 1337 1101 1359; x_wconf 84' lang='lat' dir='ltr'><strong>exer-</strong></span> 
     </span>
     <span class='ocr_line' id='line_1_32' title="bbox 117 1370 1101 1409; baseline -0.003 -7"><span class='ocrx_word' id='word_1_240' title='bbox 117 1373 187 1403; x_wconf 84' lang='lat' dir='ltr'><strong>cuit.</strong></span> <span class='ocrx_word' id='word_1_241' title='bbox 228 1373 365 1409; x_wconf 86' lang='lat' dir='ltr'><strong>Namque</strong></span> <span class='ocrx_word' id='word_1_242' title='bbox 390 1373 487 1409; x_wconf 84' lang='lat' dir='ltr'><strong>gentis</strong></span> <span class='ocrx_word' id='word_1_243' title='bbox 509 1373 646 1402; x_wconf 86' lang='lat' dir='ltr'><strong>eiusdem</strong></span> <span class='ocrx_word' id='word_1_244' title='bbox 668 1372 842 1402; x_wconf 85' lang='lat' dir='ltr'><strong>levissimos</strong></span> <span class='ocrx_word' id='word_1_245' title='bbox 864 1371 949 1401; x_wconf 86' lang='lat' dir='ltr'><strong>salsis</strong></span> <span class='ocrx_word' id='word_1_246' title='bbox 972 1370 1101 1400; x_wconf 86' lang='lat' dir='ltr'><strong>crimini-</strong></span> 
     </span>
     <span class='ocr_line' id='line_1_33' title="bbox 116 1412 1101 1450; baseline -0.003 -6"><span class='ocrx_word' id='word_1_247' title='bbox 116 1415 173 1444; x_wconf 87' lang='lat' dir='ltr'><strong>bus</strong></span> <span class='ocrx_word' id='word_1_248' title='bbox 188 1414 345 1449; x_wconf 79' lang='lat' dir='ltr'><strong>adstruxit,</strong></span> <span class='ocrx_word' id='word_1_249' title='bbox 361 1414 501 1449; x_wconf 66' lang='lat' dir='ltr'><strong>monhos,</strong></span> <span class='ocrx_word' id='word_1_250' title='bbox 517 1419 578 1443; x_wconf 82' lang='lat' dir='ltr'><strong>tuni</strong></span> <span class='ocrx_word' id='word_1_251' title='bbox 594 1415 714 1444; x_wconf 88' lang='lat' dir='ltr'><strong>demum</strong></span> <span class='ocrx_word' id='word_1_252' title='bbox 730 1422 765 1443; x_wconf 83' lang='lat' dir='ltr'><strong>ea</strong></span> <span class='ocrx_word' id='word_1_253' title='bbox 781 1414 909 1449; x_wconf 78' lang='lat' dir='ltr'><strong>deferre,</strong></span> <span class='ocrx_word' id='word_1_254' title='bbox 925 1421 1017 1450; x_wconf 92' lang='lat' dir='ltr'><strong>quum</strong></span> <span class='ocrx_word' id='word_1_255' title='bbox 1033 1412 1101 1448; x_wconf 88' lang='lat' dir='ltr'><strong>ipse</strong></span> 
     </span>
     <span class='ocr_line' id='line_1_34' title="bbox 115 1453 1180 1493; baseline -0.003 -8"><span class='ocrx_word' id='word_1_256' title='bbox 115 1456 267 1486; x_wconf 78' lang='lat' dir='ltr'><strong>iussisset.</strong></span> <span class='ocrx_word' id='word_1_257' title='bbox 310 1455 446 1491; x_wconf 87' lang='lat' dir='ltr'><strong>Interim,</strong></span> <span class='ocrx_word' id='word_1_258' title='bbox 473 1455 615 1493; x_wconf 88' lang='lat' dir='ltr'><strong>quotiens</strong></span> <span class='ocrx_word' id='word_1_259' title='bbox 631 1456 697 1485; x_wconf 90' lang='lat' dir='ltr'><strong>sine</strong></span> <span class='ocrx_word' id='word_1_260' title='bbox 718 1455 837 1485; x_wconf 84' lang='lat' dir='ltr'><strong>arbitris</strong></span> <span class='ocrx_word' id='word_1_261' title='bbox 860 1459 937 1489; x_wconf 83' lang='lat' dir='ltr'><strong>erat,</strong></span> <span class='ocrx_word' id='word_1_262' title='bbox 960 1453 1142 1483; x_wconf 79' lang='lat' dir='ltr'><strong>credulas28</strong></span> <span class='ocrx_word' id='word_1_263' title='bbox 1178 1475 1180 1478; x_wconf 48' lang='lat'>&gt;</span> 
     </span>
     <span class='ocr_line' id='line_1_35' title="bbox 115 1496 1099 1534; baseline -0.003 -8"><span class='ocrx_word' id='word_1_264' title='bbox 115 1496 197 1534; x_wconf 86' lang='lat' dir='ltr'><strong>regis</strong></span> <span class='ocrx_word' id='word_1_265' title='bbox 212 1505 302 1526; x_wconf 86' lang='lat' dir='ltr'><strong>aures</strong></span> <span class='ocrx_word' id='word_1_266' title='bbox 318 1497 477 1534; x_wconf 84' lang='lat' dir='ltr'><strong>implebat,</strong></span> <span class='ocrx_word' id='word_1_267' title='bbox 499 1496 695 1527; x_wconf 87' lang='lat' dir='ltr'><strong>dissimulans</strong></span> <span class='ocrx_word' id='word_1_268' title='bbox 711 1505 835 1526; x_wconf 85' lang='lat' dir='ltr'><strong>causam</strong></span> <span class='ocrx_word' id='word_1_269' title='bbox 856 1496 934 1532; x_wconf 87' lang='lat' dir='ltr'><strong>irae,</strong></span> <span class='ocrx_word' id='word_1_270' title='bbox 956 1503 1017 1532; x_wconf 92' lang='lat' dir='ltr'><strong>quo</strong></span> <span class='ocrx_word' id='word_1_271' title='bbox 1033 1503 1099 1531; x_wconf 83' lang='lat' dir='ltr'><strong>gra-</strong></span> 
     </span>
     <span class='ocr_line' id='line_1_36' title="bbox 115 1538 1142 1574; baseline -0.003 -7"><span class='ocrx_word' id='word_1_272' title='bbox 115 1538 182 1568; x_wconf 89' lang='lat' dir='ltr'><strong>vior</strong></span> <span class='ocrx_word' id='word_1_273' title='bbox 198 1538 382 1568; x_wconf 83' lang='lat' dir='ltr'><strong>criminantis</strong></span> <span class='ocrx_word' id='word_1_274' title='bbox 398 1539 561 1568; x_wconf 85' lang='lat' dir='ltr'><strong>auctoritas</strong></span> <span class='ocrx_word' id='word_1_275' title='bbox 578 1543 669 1568; x_wconf 86' lang='lat' dir='ltr'><strong>esset.</strong></span> <span class='ocrx_word' id='word_1_276' title='bbox 706 1539 847 1568; x_wconf 89' lang='lat' dir='ltr'><strong>Nondum</strong></span> <span class='ocrx_word' id='word_1_277' title='bbox 863 1540 1025 1574; x_wconf 87' lang='lat' dir='ltr'><strong>suspectus</strong></span> <span class='ocrx_word' id='word_1_278' title='bbox 1038 1539 1142 1565; x_wconf 79' lang='lat' dir='ltr'><strong>erat29</strong></span> 
     </span>
     <span class='ocr_line' id='line_1_37' title="bbox 115 1578 1100 1615; baseline -0.004 -5"><span class='ocrx_word' id='word_1_279' title='bbox 115 1579 251 1615; x_wconf 86' lang='lat' dir='ltr'><strong>Orsines,</strong></span> <span class='ocrx_word' id='word_1_280' title='bbox 268 1579 327 1609; x_wconf 87' lang='lat' dir='ltr'><strong>iam</strong></span> <span class='ocrx_word' id='word_1_281' title='bbox 341 1584 440 1610; x_wconf 82' lang='lat' dir='ltr'><strong>tamen</strong></span> <span class='ocrx_word' id='word_1_282' title='bbox 457 1580 554 1609; x_wconf 91' lang='lat' dir='ltr'><strong>vilior.</strong></span> <span class='ocrx_word' id='word_1_283' title='bbox 595 1581 678 1609; x_wconf 91' lang='lat' dir='ltr'><strong>Reus</strong></span> <span class='ocrx_word' id='word_1_284' title='bbox 700 1579 779 1609; x_wconf 88' lang='lat' dir='ltr'><strong>enim</strong></span> <span class='ocrx_word' id='word_1_285' title='bbox 800 1579 830 1608; x_wconf 91' lang='lat' dir='ltr'><strong>in</strong></span> <span class='ocrx_word' id='word_1_286' title='bbox 852 1583 968 1609; x_wconf 87' lang='lat' dir='ltr'><strong>secreto</strong></span> <span class='ocrx_word' id='word_1_287' title='bbox 990 1578 1100 1614; x_wconf 84' lang='lat' dir='ltr'><strong>ageba-</strong></span> 
     </span>
     <span class='ocr_line' id='line_1_38' title="bbox 114 1620 1099 1658; baseline -0.005 -6"><span class='ocrx_word' id='word_1_288' title='bbox 114 1625 177 1658; x_wconf 85' lang='lat' dir='ltr'><strong>tur,</strong></span> <span class='ocrx_word' id='word_1_289' title='bbox 203 1622 322 1651; x_wconf 83' lang='lat' dir='ltr'><strong>latentis</strong></span> <span class='ocrx_word' id='word_1_290' title='bbox 338 1621 465 1658; x_wconf 87' lang='lat' dir='ltr'><strong>periculi</strong></span> <span class='ocrx_word' id='word_1_291' title='bbox 483 1621 622 1658; x_wconf 83' lang='lat' dir='ltr'><strong>ignarus:</strong></span> <span class='ocrx_word' id='word_1_292' title='bbox 648 1626 678 1650; x_wconf 89' lang='lat' dir='ltr'><strong>et</strong></span> <span class='ocrx_word' id='word_1_293' title='bbox 702 1620 991 1658; x_wconf 86' lang='lat' dir='ltr'><strong>importunissimum</strong></span> <span class='ocrx_word' id='word_1_294' title='bbox 1016 1626 1099 1648; x_wconf 87' lang='lat' dir='ltr'><strong>scor-</strong></span> 
     </span>
     <span class='ocr_line' id='line_1_39' title="bbox 114 1660 1098 1699; baseline -0.004 -7"><span class='ocrx_word' id='word_1_295' title='bbox 114 1667 191 1699; x_wconf 87' lang='lat' dir='ltr'><strong>tum,</strong></span> <span class='ocrx_word' id='word_1_296' title='bbox 216 1671 256 1692; x_wconf 92' lang='lat' dir='ltr'><strong>ne</strong></span> <span class='ocrx_word' id='word_1_297' title='bbox 276 1662 306 1691; x_wconf 89' lang='lat' dir='ltr'><strong>in</strong></span> <span class='ocrx_word' id='word_1_298' title='bbox 328 1667 433 1699; x_wconf 84' lang='lat' dir='ltr'><strong>stupro</strong></span> <span class='ocrx_word' id='word_1_299' title='bbox 461 1663 583 1699; x_wconf 86' lang='lat' dir='ltr'><strong>quidem</strong></span> <span class='ocrx_word' id='word_1_300' title='bbox 609 1667 638 1692; x_wconf 89' lang='lat' dir='ltr'><strong>et</strong></span> <span class='ocrx_word' id='word_1_301' title='bbox 662 1661 823 1692; x_wconf 85' lang='lat' dir='ltr'><strong>dedecoris</strong></span> <span class='ocrx_word' id='word_1_302' title='bbox 850 1660 994 1699; x_wconf 87' lang='lat' dir='ltr'><strong>patientia</strong></span> <span class='ocrx_word' id='word_1_303' title='bbox 1020 1660 1098 1689; x_wconf 77' lang='lat' dir='ltr'><strong>frau-</strong></span> 
     </span>
     <span class='ocr_line' id='line_1_40' title="bbox 115 1701 1097 1740; baseline -0.002 -8"><span class='ocrx_word' id='word_1_304' title='bbox 115 1704 161 1732; x_wconf 88' lang='lat' dir='ltr'><strong>dis</strong></span> <span class='ocrx_word' id='word_1_305' title='bbox 188 1703 327 1738; x_wconf 84' lang='lat' dir='ltr'><strong>oblitum‚</strong></span> <span class='ocrx_word' id='word_1_306' title='bbox 358 1704 500 1740; x_wconf 81' lang='lat' dir='ltr'><strong>quotiens</strong></span> <span class='ocrx_word' id='word_1_307' title='bbox 526 1713 659 1734; x_wconf 84' lang='lat' dir='ltr'><strong>amorem</strong></span> <span class='ocrx_word' id='word_1_308' title='bbox 685 1704 766 1740; x_wconf 87' lang='lat' dir='ltr'><strong>regis</strong></span> <span class='ocrx_word' id='word_1_309' title='bbox 791 1703 820 1733; x_wconf 89' lang='lat' dir='ltr'><strong>in</strong></span> <span class='ocrx_word' id='word_1_310' title='bbox 848 1711 882 1732; x_wconf 88' lang='lat' dir='ltr'><strong>se</strong></span> <span class='ocrx_word' id='word_1_311' title='bbox 906 1701 1097 1736; x_wconf 81' lang='lat' dir='ltr'><strong>accenderat,</strong></span> 
     </span>
    </p>
   </div>
  </div>
 </body>
</html>
