1215 1905
229 97 302 127 LlB.
318 97 356 126 V.
381 96 462 126 CAP.
478 96 554 132 xlll,
568 100 671 126 3—24.
694 106 732 133 tv,
748 107 832 129 35—38.
854 103 892 135 Ζ.]
1023 97 1085 128 105

89 179 195 210 agmen
212 175 452 209 conspexerant,
478 179 673 209 nequaquam
696 172 786 202 futuri
803 180 911 209 pares,
939 172 965 202 si
981 173 1082 204 Besso

90 217 202 244 tantum
228 213 320 244 animi
342 213 451 243 suisset
472 213 511 242 ad
532 213 699 250 proelium,
727 219 873 251 quantum
895 213 934 243 ad
955 214 1081 252 parrici-

89 254 171 286 dium
194 256 299 285 suerat.
341 255 480 292 Namque
500 259 530 284 et
552 263 677 285 numero
700 256 820 285 barbari
836 256 1036 292 praestabant
1053 260 1083 285 et

87 298 214 328 robore:
231 297 269 326 ad
282 297 340 327 hoc
352 296 457 326 resecti
472 304 540 326 cum
557 296 689 334 fatigatis
703 301 855 326 certamen
869 297 971 327 inituri
984 303 1080 328 erant.

50 338 149 371 l4Sed
166 346 276 369 nomen
291 338 458 368 Alexandri
474 343 504 368 et
519 339 615 373 sama,
637 338 802 369 maximum
824 339 854 368 in
876 339 956 368 bello
973 339 1080 377 utique

89 384 283 416 momentum,
300 379 430 417 pavidos
445 379 475 408 in
489 380 590 417 fugam
604 379 720 410 avertit.

52 429 78 454 15
168 421 235 457 137)
269 421 386 451 Bessus
416 429 489 450 vero
516 426 546 451 et
571 421 662 451 ceteri
690 421 835 451 facinoris
863 421 928 452 eius
956 422 1077 459 partici-

88 471 143 501 pes
160 463 330 493 vehiculum
347 462 436 492 Darei
458 463 592 493 assecuti
615 467 782 499 coeperunt
798 463 912 493 hortari
935 471 1019 500 eum,
1045 468 1078 494 ut

48 509 78 536 16
87 505 307 535 conscenderet
327 512 438 542 equum
464 509 494 534 et
508 512 542 534 se
564 504 644 534 hosti
660 505 730 541 suga
746 504 886 542 eriperet.
930 505 983 534 Ille
999 505 1077 535 deos

88 548 202 577 ultores
218 546 330 576 adesse
346 550 471 576 testatur
485 550 515 576 et
528 546 694 576 Alexandri
709 545 800 575 fidem
815 546 922 583 impio·
966 561 994 579 Α,
1013 560 1051 581 ⁸³0

87 596 158 617 rans
180 592 284 625 negat,
312 596 345 617 se
368 588 535 625 parricidas
558 588 636 618 velle
659 587 805 618 comitari.
848 589 922 617 Tum
941 585 1075 630 ³·m2253j'·

86 637 160 660 vero
177 630 220 659 ira
236 637 361 667 quoque
377 629 500 659 accensi
517 630 575 659 tela
591 629 756 659 coniiciunt
771 629 801 658 in
817 638 921 666 regem
945 634 981 655 0¹-
998 636 1042 659 112,
1059 636 1071 656 3

46 676 77 703 17
85 671 249 708 multisque
265 671 444 701 confossum
460 671 636 701 vulneribus
651 671 836 708 relinquunt.
873 672 921 701 Iu·
952 666 1063 706 Ηὲὲῖῗῖἶι-
1079 684 1082 687 ·

86 717 186 743 menta
202 721 334 750 quoque,
350 721 388 742 ne
400 713 521 750 longius
534 712 681 751 prosequi
694 717 831 750 possent,
848 720 920 742 con<
961 711 1052 731 ''³²⁰¹'‘-

85 755 253 790 vulnerant,
269 755 389 785 duobus
402 754 509 789 servis,
525 755 576 791 qui
589 762 692 791 regem
704 754 933 791 comitabantur,
950 756 1064 786 occisis

46 797 151 827 18H0c
167 796 248 825 edito
264 795 414 832 facinore,
439 801 472 826 ut
486 796 616 832 vestigia
632 797 722 833 fugae
744 802 938 834 spargerent,-
960 798 1075 827 Nabar-

84 840 175 867 zanes
191 837 390 875 Hyrcaniam,
413 838 530 867 Bessus
546 838 672 874 Bactra,
691 838 799 875 paucis
822 838 958 875 equitum
980 839 1070 869 comi-

85 878 232 914 tantibus,
255 879 413 916 petebant:
435 879 555 908 barbari
571 879 700 909 ducibus
717 879 866 915 destituti,
890 889 951 917 qua
967 889 1071 918 quem-

85 929 144 959 que
160 925 211 951 aut
226 928 300 958 spes
315 921 446 950 ducebat
460 925 512 950 aut
526 929 638 958 pavor,
657 921 900 958 dissipabantur:
916 922 940 951 D
957 926 1072 952 tantum

84 962 203 1000 equites
219 967 481 1000 congregaverant
496 971 539 998 se,
555 962 660 992 incerti
676 963 786 999 adhuc,
800 963 947 993 resistere
962 965 1071 994 melius

43 1008 75 1037 19
83 1008 181 1040 esset,
194 1012 232 1033 an
249 1004 362 1041 sugere.
407 1004 597 1040 Alexander,
619 1004 752 1035 hostium
767 1004 971 1042 trepidatione
987 1014 1070 1036 com-

84 1050 179 1083 perta,
194 1045 373 1075 Nicantsrem
386 1054 453 1075 cum
466 1046 601 1083 equitum
613 1051 698 1083 parte
709 1046 748 1075 ad
760 1045 957 1076 inhibendam
969 1048 1071 1085 sugam

84 1087 204 1117 emittit=
220 1088 288 1124 ipse
301 1095 369 1117 cum
382 1087 491 1117 ceteris
503 1088 649 1125 sequitur.
671 1088 711 1117 111
726 1089 820 1117 ferme
832 1087 913 1118 milia
925 1089 1069 1119 resisten-

85 1128 125 1159 tia
141 1129 245 1158 occisa
260 1133 345 1158 sunt:
367 1128 518 1166 reliquum
533 1137 640 1166 agmen
658 1130 810 1166 pecudum
825 1138 910 1160 more
924 1130 1070 1161 intactum

42 1170 244 1207 magebatur,
266 1170 388 1199 iubente
402 1178 488 1207 rege,
512 1176 544 1200 ut
559 1171 705 1201 caedibus
720 1171 932 1201 abstineretur.
974 1173 1069 1203 Nemo

85 1211 275 1248 captivorum
290 1216 369 1247 erat,
393 1212 445 1249 qui
466 1217 634 1242 monstrare
650 1213 739 1242 Darei
755 1212 928 1243 vehiculum
943 1219 1068 1251 posset:

83 1253 208 1290 singuli,
226 1258 258 1283 ut
274 1261 415 1290 quaeque
430 1255 628 1291 prenderent,
652 1255 879 1290 scrutabantur,
896 1263 953 1285 nec
970 1260 1068 1285 tamen

40 1299 72 1326 21
85 1296 178 1326 ullum
195 1294 354 1332 vestigium
366 1295 456 1333 fugae
470 1295 552 1332 regis
564 1296 694 1326 extabat.
717 1296 924 1326 Festinantem
935 1298 1068 1327 Alexan-

83 1337 169 1367 drum
192 1336 243 1366 vix
262 1336 318 1367 tria
338 1336 419 1366 milia
441 1337 575 1374 equitum
596 1342 757 1375 persecuta
778 1342 856 1368 sunt.
901 1339 940 1368 At
954 1338 985 1368 in
1003 1347 1071 1376 eos,

84 1378 136 1415 qui
157 1378 266 1408 lentius
289 1378 509 1416 sequebantur,
532 1379 706 1409 incidebant
726 1380 871 1410 universa
892 1381 1070 1417 rugientium

40 1419 208 1457 22agmina.
230 1420 292 1449 Vix
307 1420 452 1451 credibile
468 1420 564 1451 dictu:
578 1422 681 1458 plures
699 1422 825 1459 captivi,
845 1431 936 1459 quam
954 1423 1005 1459 qui
1021 1431 1069 1451 ea-

83 1467 189 1498 perent
204 1466 303 1492 erant:
319 1462 397 1492 adeo
415 1471 534 1492 omnem
550 1471 675 1493 sensum
690 1463 800 1493 territis
814 1464 935 1493 fortuna
948 1464 1070 1500 penitus

82 1508 275 1540 excusserat,
295 1508 328 1533 ut
349 1512 406 1534 nec
428 1504 559 1534 hostium
576 1505 759 1541 paucitatem
774 1513 832 1534 nec
848 1505 1070 1535 multitudInem

82 1553 169 1574 suam
185 1544 259 1575 satis
275 1550 440 1575 cernerent.

39 1589 72 1616 23
161 1585 228 1621 (38)
249 1587 370 1616 Interim
386 1586 533 1623 iumenta,
558 1596 636 1625 quae
651 1589 781 1618 Dareum
795 1589 963 1625 vehebant,
986 1589 1070 1619 nullo

80 1632 212 1666 regente,
231 1629 430 1658 decesserant
444 1629 563 1659 militari
579 1629 628 1659 via
644 1634 673 1660 et
687 1638 791 1660 errore
804 1630 904 1660 delata
915 1639 970 1668 per
983 1634 1068 1668 quat-

81 1673 147 1699 tuor
162 1669 261 1700 stadia
275 1670 305 1700 in
323 1671 455 1708 quadam
469 1672 549 1701 valle
572 1671 785 1707 constiterant,
807 1677 895 1702 aestu
915 1673 1071 1708 simulque

39 1711 252 1741 24vulneribus
270 1712 401 1748 fatigata.
424 1713 512 1742 Haud
528 1714 636 1751 procul
653 1718 716 1743 erat
731 1714 810 1748 fons,
825 1714 865 1743 ad
879 1723 969 1751 quem
982 1723 1066 1744 mon-
