1215 1905
127 86 189 117 244
463 85 495 121 Q.
518 85 674 114 CURTII
695 86 803 116 RUFI

162 162 263 185 domum
272 161 405 191 remittere,
418 160 528 191 reliquos
538 160 643 184 retinere
654 161 755 192 cogitat,
771 168 796 185 m
808 162 896 185 castris
913 163 990 185 oritur
1004 163 1104 193 seditio,

161 202 236 226 quam
249 194 319 226 gravi
330 194 440 218 oratione
455 198 478 217 et
495 193 564 226 regia
575 194 717 218 auctoritate
731 195 873 226 compescit.
911 195 952 220 111.
971 196 1011 220 lv.
1032 196 1092 221 Sedi

161 229 233 252 tiosis
247 227 371 260 supplicio
382 227 485 256 affectis,
497 228 663 252 Asiaticorum
673 228 778 252 militum
792 228 909 253 concione
919 229 1047 259 advocata,
1061 237 1092 254 eo

161 270 216 286 rum
227 269 255 286 se
265 268 340 293 opera
349 261 454 293 posthac
471 269 574 285 usurum
590 262 649 286 dicit
665 263 745 292 iisque
759 263 868 294 corporis
882 263 1020 286 custodiam
1038 271 1104 287 com-

161 296 243 319 mittit.
281 295 386 320 Militum
397 303 498 319 suorum
508 296 659 327 poenitentia
669 303 718 320 non
729 301 850 321 movetur.
876 295 1005 328 [Sequitur
1015 304 1104 329 magna

161 327 273 361 lacuna]
308 330 340 354 V.
367 330 421 354 Rex
435 330 598 353 moribundus
611 330 745 353 exercitum
759 329 860 354 Salutat.
897 330 967 354 Dicta
989 334 1013 354 et
1035 335 1104 363 gesta

161 364 214 387 eius
225 367 282 387 ante
292 364 395 388 obitum.
421 363 544 392 Quantum
555 370 569 387 a
579 364 632 387 suis
643 363 716 387 fuerit
726 363 891 395 desideratus,
901 365 1036 396 praecipue
1043 373 1103 389 vero

160 398 256 422 aDnrei
272 400 365 428 matre,
384 404 462 428 qnae,
476 397 559 421 andita
573 398 626 421 eius
641 402 728 425 morte,
744 397 908 421 voluntariam
925 402 1029 422 mortem
1045 399 1106 423 obit.

159 430 295 455 Alexandri
304 431 407 455 virtutes
417 437 441 455 et
451 431 519 456 vitia.
555 431 597 456 VI.
616 431 652 455 De
664 438 731 463 rege,
741 431 784 462 qui
793 431 961 456 Alexandrum
972 433 1105 464 exciperet,

160 466 225 489 inter
234 465 382 489 Macedonas
392 465 539 489 consultatio
553 469 576 489 et
586 466 670 489 variae
679 466 825 490 sententiae.
859 466 913 489 Vll.
931 465 1105 495 Arrhidaeum,

159 499 272 530 Philippi
287 506 319 523 ex
332 499 419 530 pellice
434 499 522 527 filium,
538 499 638 523 fratrem
649 498 793 528 Alexandri,
809 507 894 531 regem
908 499 1000 524 salutat
1015 500 1106 524 Melea-

160 541 217 565 ger:
231 533 282 557 fflio
293 533 430 557 Alexandri
441 540 471 557 ex
483 533 585 557 Roxane
597 533 680 557 futuro
689 533 833 557 Perdiccam
846 538 869 557 et
879 533 1032 557 Leonnatum
1041 537 1106 558 tuto-

160 573 200 591 res
210 567 317 591 destinat
330 566 427 591 Pithon.
453 567 556 599 Regiam
567 567 694 599 peditibus
711 568 817 598 stipatus
827 567 941 599 irrumpit
953 567 1106 592 Arrhidaeus

160 608 215 625 cum
226 600 364 632 Meleagro:
383 601 507 632 equitibus
518 601 649 625 comitibus
665 609 696 626 ex
711 602 773 626 urbe
789 601 908 626 excedere
925 604 1036 625 statuunt
1047 602 1105 626 Per-

160 635 243 659 diccas
254 638 277 659 et
289 635 439 659 Leonnatus.
466 635 532 659 VllI.
551 635 681 659 Perdiccas
691 642 705 658 e
713 635 778 659 vitae
788 635 899 666 periculo
909 639 1030 667 servatus,
1040 643 1106 660 cam-

158 669 199 701 pis
219 669 355 700 occupatis,
375 668 526 700 Babylonem
548 669 614 693 farne
632 669 730 701 premit.
766 669 918 693 Arrhidaeus
937 672 1020 693 autem
1037 671 1106 701 pacis

160 702 288 726 studiosus
298 702 429 726 tumultum
439 704 523 727 media
532 703 641 733 quadam
653 704 748 727 ratione
758 710 906 735 componere
917 707 1030 728 conatur.
1061 703 1106 728 IX.

160 736 300 765 Perdiccas,
311 736 369 760 dum
379 737 457 769 patrio
469 744 537 762 more
547 738 683 761 exercitum
696 737 790 766 lustrat,
802 736 954 769 Meleagrum
970 741 994 761 et
1010 741 1106 761 trecen-

159 775 198 794 tos
213 770 265 794 fere
281 770 343 794 alios
354 771 494 795 discordiae
508 775 623 795 auctores
635 771 692 795 dolo
704 771 830 803 opprimit.
864 770 895 796 X.
914 770 1049 796 Alexandri
1061 772 1108 795 im-

159 805 256 835 perium
267 804 357 829 dividit
366 805 506 834 Perdiccas,
523 812 645 829 summam
656 805 793 829 Arrhidaeo
806 809 830 828 et
842 805 899 833 sibi,
915 805 1055 836 provincias
1066 813 1107 829 co-

158 838 256 869 piarum
276 838 380 863 ducibus
405 839 525 864 tribuens.
571 839 665 863 Rumor
683 840 713 863 de
735 839 877 863 Alexandro
897 846 992 862 veneno
1010 843 1106 864 necato.

160 872 255 904 Corpus
265 873 319 896 eius
330 873 509 904 Aegyptiorum
520 877 543 897 et
555 873 734 897 Chaldaeorum
744 880 812 896 more
827 876 939 896 curatum
950 872 1106 897 Ptolemaeus

160 906 337 930 Alexandriam
355 906 478 930 transfert.

570 972 662 1001 CAP.
686 973 708 1000 l.

208 1031 240 1067 (l
256 1034 298 1059 ed.
315 1033 435 1067 Zumpt.)
472 1030 581 1060 lisdem
600 1031 662 1060 fere
686 1030 793 1059 diebus
816 1030 960 1059 Cleander
976 1034 1005 1060 et
1020 1030 1129 1060 Sitai-1

126 1081 178 1102 ces
194 1076 224 1102 et
238 1081 306 1102 cum
322 1072 479 1109 Agathone
492 1072 631 1101 Heracon
655 1071 886 1108 superveniunt,
913 1071 964 1108 qui
988 1071 1106 1101 Parme-

126 1115 244 1144 nionem
260 1113 346 1143 iussu
361 1113 441 1150 regis
455 1113 638 1149 occiderant,
656 1113 790 1149 quinque
801 1112 881 1142 milia
893 1113 1027 1149 peditum
1039 1121 1107 1142 cum

126 1154 280 1192 equitibus
306 1154 385 1184 mille
411 1155 630 1193 [adducentes1.
674 1154 734 1184 Sed
758 1159 787 1183 et
806 1158 1001 1184 accusatores
1020 1163 1075 1184 eos
1091 1159 1134 1184 e2

126 1195 292 1232 provincia,
309 1197 356 1226 cui
372 1197 572 1233 praefuerant,
591 1196 810 1233 sequebantur:
833 1203 889 1225 nec
904 1199 948 1225 tot
964 1195 1106 1232 facinora,

128 1242 201 1273 quot
225 1237 424 1272 admiserant,
453 1246 654 1274 compensare
680 1241 821 1274 poterant
842 1236 943 1266 caedis
960 1245 1106 1274 perquam

126 1285 229 1315 gratae
244 1278 308 1315 regi
324 1278 499 1308 ministerio.
536 1279 654 1315 Quippe
670 1287 763 1315 quum
778 1278 876 1308 omnia
892 1279 1019 1315 profana
1035 1287 1105 1315 spo·
1118 1282 1134 1307 3

127 1319 266 1356 finissent,
292 1328 331 1349 ne
352 1319 448 1349 sacris
465 1319 587 1356 quidem
608 1319 828 1354 abstinuerant,
856 1319 1052 1356 virginesque
1078 1324 1108 1349 et

127 1360 280 1398 principes
296 1360 472 1390 seminarum
488 1366 592 1398 stupra
613 1369 779 1398 perpessae
795 1369 957 1398 corporum
979 1360 1107 1390 ludibria

126 1402 288 1432 deflebant.
328 1402 462 1432 Invisum
477 1403 676 1432 Macedonum
692 1410 801 1432 nomen
817 1402 942 1432 avaritia
957 1410 1061 1432 eorum
1072 1410 1107 1431 ac
1122 1407 1136 1431 4

126 1443 218 1472 libido
233 1444 369 1473 barbaris
386 1445 505 1474 fecerat.
549 1445 627 1474 Inter
644 1452 749 1473 omnes
764 1448 863 1473 lamen
881 1444 1031 1473 eminebat
1043 1443 1104 1472 Cle-
1119 1449 1133 1472 5

125 1484 211 1514 andri
238 1485 335 1520 furor,
365 1485 416 1521 qui
440 1485 571 1515 nobilem
592 1485 738 1522 virginem
763 1489 989 1522 constupratam
1015 1493 1105 1514 servo

126 1535 181 1555 suo
199 1527 338 1562 pellicem
355 1527 487 1557 dederat.
530 1527 668 1563 Plerique
684 1526 849 1556 amicorum
864 1525 1031 1556 Alexandri
1046 1534 1105 1555 non
1118 1530 1134 1556 6

125 1572 184 1596 tam
196 1567 362 1604 criminum,
377 1577 454 1605 quac
470 1569 567 1605 palam
576 1568 801 1604 obiiciebantur‚
810 1567 1005 1601 atrocitatem,
1017 1575 1106 1603 quam

125 1609 299 1639 memoriam
316 1609 410 1639 occisi
425 1618 480 1646 per
495 1610 563 1639 illos
578 1609 791 1645 Parmenionis,
808 1609 891 1646 quod
905 1608 1026 1639 tacitum
1035 1616 1104 1645 pro-

126 1650 216 1679 desse
231 1650 292 1679 reis
304 1651 386 1686 apud
399 1660 499 1687 regem
511 1656 638 1688 poterat,
656 1651 855 1686 intuebantur,
867 1650 944 1685 laeti,
957 1649 1104 1679 recidisse

126 1690 196 1719 iram
219 1691 247 1719 in
270 1691 331 1720 irae
348 1692 502 1722 ministros
519 1701 574 1722 nec
592 1694 681 1722 ullam
697 1691 861 1729 potentiam
877 1692 993 1721 scelere
1009 1699 1101 1727 quae-
