1215 1895
275 49 347 79 LIB.
363 49 414 78 lv.
437 49 518 79 CAP.
533 49 613 86 xvi,
629 54 731 80 5—27.
755 60 802 87 nv,
820 61 902 82 ᾶο-ω.
923 60 961 87 z.]
1091 50 1132 82 75

139 124 381 163 feminarumque
397 125 648 162 exaudiebantur,
664 126 794 156 barbaro
810 126 868 156 ritu
883 126 1014 156 Dareum
1030 126 1131 156 adhuc

138 176 242 205 regem
258 167 461 197 clamantium.

98 213 129 240 16
214 208 281 246 (62)
303 209 487 244 Alexander,
503 212 536 238 ut
551 216 645 246 supra
661 208 773 239 dictum
790 214 844 245 est,
861 209 988 240 inhibito
1004 217 1131 240 suorum

139 251 269 289 impetu,
292 251 332 280 ad
345 251 462 288 Lycum
476 258 596 280 amnem
611 255 807 287 pervenerat,
832 251 883 281 ubi
906 251 1016 289 ingens
1031 251 1130 282 multi-

139 294 212 324 tudo
237 292 414 330 fugientium
437 297 619 322 oneraverat
638 291 778 329 pontem:
804 297 834 323 et
854 293 1009 331 plerique,
1038 301 1131 331 quum

138 335 237 365 hostis
258 338 394 372 urgeret,
417 334 446 363 in
465 334 578 363 flumen
601 342 635 364 se
658 334 936 372 praecipitaverant
956 343 1131 372 gravesque

138 376 230 407 armis
246 381 275 406 et
290 376 406 413 proelio
429 384 465 405 ac
488 377 559 413 fuga
580 375 735 413 defatigati
757 376 927 414 gurgitibus
949 377 1128 407 haurieban-

100 423 195 451 1'1tur.
218 419 342 455 Iamque
356 427 417 447 non
433 426 512 455 pons
528 418 620 448 modo
638 418 804 455 fugientes,
822 419 879 448 sed
895 427 933 449 ne
950 418 1047 448 amnis
1065 419 1131 456 qui-

139 462 208 490 dem
224 460 364 497 capiebat
379 460 500 497 agmina
515 468 572 489 sua
587 459 759 496 improvide
776 460 907 490 subinde
923 462 1130 491 cumulantes.-

140 503 254 540 quippe
269 501 321 531 ubi
337 501 457 531 intravit
472 502 590 531 animos
606 510 711 538 pavor,
728 501 759 531 id
772 503 871 531 solum
884 507 1029 538 metuunt,
1047 503 1132 540 quod

98 548 130 575 18
137 543 266 582 primum
280 543 442 574 formidare
455 548 631 581 coeperunt.
656 544 842 580 Alexander,
858 544 1041 574 instantibus
1055 545 1131 580 suis,

138 586 262 623 impune
274 586 436 615 abeuntem
451 585 569 615 hostem
585 585 773 622 permitteret
794 585 898 623 sequi,
922 586 1044 616 hebetia
1060 595 1130 616 esse

140 629 200 658 tela
221 631 250 658 et
271 636 380 657 manus
403 627 543 664 fatigatas
560 631 706 664 tantoque
728 636 819 658 cursu
835 636 967 665 corpora
982 629 1130 658 exhausta

100 673 130 700 19
138 674 167 700 et
184 677 334 707 praeceps
350 669 380 699 in
399 674 518 699 noctem
542 669 602 698 diei
624 674 744 707 tempus
760 674 905 706 causatus
922 675 978 700 est.
1011 671 1130 701 Revera

139 712 178 741 de
194 713 282 741 laevo
299 720 409 747 cornu,
433 712 515 748 quod
530 711 630 740 adhuc
646 711 675 740 in
692 711 758 741 acie
774 716 855 741 stare
871 713 1031 748 credebat,
1048 712 1130 742 solli-

139 753 217 783 citus
232 754 343 783 reverti
359 754 399 783 ad
414 754 569 782 serendam
586 762 676 790 opem
692 753 757 783 suis
771 753 883 784 statuit.
906 755 1031 791 Iamque
1044 753 1130 791 signa

139 799 346 831 converterat,
369 803 462 832 quum
475 794 594 832 equites
611 804 629 824 a
644 795 842 825 Parmenit'me
856 795 943 825 missi
958 795 1039 825 illius
1056 804 1128 832 quo-

98 842 198 875 20que
220 837 315 875 partis
338 836 496 867 victoriam
517 836 664 867 nuntiant.
707 837 769 866 Sed
785 838 899 867 nullum
916 846 952 867 eo
969 838 1019 867 die
1033 837 1130 867 maius

140 878 308 916 periculum
322 878 404 915 adiit,
422 887 513 916 quam
525 879 597 909 dum
610 878 716 916 copias
728 879 846 909 reducit
861 879 890 909 in
907 884 1016 910 castra.
1039 879 1131 909 Pauci

139 930 208 951 eum
216 926 246 951 et
253 921 448 958 incompositi
457 921 673 958 sequebantur,
682 926 811 951 ovantes
819 921 1008 952 victoriaz—
1016 921 1131 959 quippe

141 971 248 992 onmes
262 963 368 993 hostes
384 967 436 993 aut
450 962 479 991 in
498 964 600 1000 sugam
615 963 732 993 effusos
771 967 823 993 aut
844 963 873 992 in
895 963 962 994 acie
978 964 1132 994 cecidisse

98 1009 130 1035 21
141 1005 319 1034 credebant:
336 1023 375 1028 --
391 1014 484 1042 quum
504 1009 630 1041 repente
652 1014 691 1034 ex
710 1006 841 1035 adverso
862 1005 1005 1043 apparuit
1023 1014 1131 1043 agmen

142 1046 284 1084 equitum,
303 1046 354 1083 qui
368 1046 464 1084 primo
477 1046 634 1076 inhibuere
651 1055 782 1083 cursum,
798 1047 918 1083 deinde,
930 1048 1132 1077 Maced6nutn

101 1092 133 1118 22
142 1088 292 1125 paucitate
308 1093 483 1125 conspecta,
501 1093 614 1118 turmas
627 1089 656 1117 in
674 1089 782 1119 obvios
796 1089 1035 1119 concitaverunt.
1053 1090 1133 1119 Ante

143 1129 230 1167 signa
242 1138 296 1159 rex
312 1130 388 1166 ibat,
410 1129 600 1161 dissimulato
616 1130 713 1167 magis
729 1130 883 1168 periculo,
910 1140 1001 1168 quam
1017 1136 1131 1168 spreto.

99 1172 202 1202 23Nec
224 1171 319 1202 defuit
340 1171 368 1201 ei
388 1177 536 1209 perpetua
557 1172 587 1201 in
604 1172 704 1202 dubiis
720 1173 812 1202 rebus
830 1172 973 1202 felicitas:
1000 1181 1132 1210 namque

142 1214 330 1250 praefectum
351 1213 503 1251 equitatus
525 1213 648 1243 avidum
670 1214 844 1244 certaminis
866 1219 896 1244 et
919 1215 957 1245 ob
979 1215 1011 1245 id
1030 1214 1132 1252 ipsum

143 1255 292 1285 incautius
318 1255 347 1284 in
376 1264 410 1285 se
435 1260 572 1285 ruentem
598 1256 686 1285 hasta
712 1256 877 1287 transfixit:
905 1265 966 1294 quo
989 1266 1029 1287 ex
1051 1265 1132 1294 equo

100 1300 134 1327 24
142 1297 229 1334 lapso
252 1297 422 1334 proximum
444 1306 480 1327 ac
502 1298 571 1327 dein
588 1299 692 1335 plures
708 1299 817 1328 eodem
833 1299 893 1328 telo
911 1300 1057 1329 confodit.
1086 1299 1134 1328 In-

143 1346 251 1369 vasere
266 1339 401 1369 turbatos
414 1339 503 1369 amici
517 1348 656 1377 quoque:
670 1349 727 1370 nee
738 1340 851 1370 Persae
864 1340 950 1371 inulti
967 1342 1132 1371 cadebant:

144 1380 258 1418 quippe
267 1389 327 1410 non
335 1381 498 1411 universae
506 1382 599 1418 acies,
616 1390 706 1419 quam
720 1383 777 1412 hae
791 1382 1003 1413 tumultuariae
1014 1391 1133 1418 manus,

100 1427 134 1452 25
142 1422 351 1453 vehementius
378 1423 472 1453 iniere
500 1428 662 1453 certamen.
715 1424 849 1454 Tandem
874 1425 1011 1460 barbari,
1040 1434 1134 1462 quum

144 1464 276 1494 obscura
290 1465 357 1494 luce
373 1466 464 1494 tutior
479 1466 551 1502 fuga
565 1465 720 1496 videretur
736 1475 817 1502 esse,
834 1475 925 1503 quam
942 1475 1055 1504 pugna,
1071 1467 1128 1496 dis'

145 1505 245 1542 persis
261 1506 432 1543 agminibus
449 1507 561 1537 abiere.
583 1508 649 1536 Rex
666 1508 906 1538 extraordinario
926 1509 1063 1546 periculo
1080 1510 1130 1539 de-

144 1548 266 1578 functus
281 1549 450 1578 incolumes
466 1557 540 1578 suos
555 1549 678 1579 reduxit
692 1550 721 1579 in
738 1554 847 1580 castra.

101 1593 135 1620 26
221 1589 287 1626 (63)
311 1590 455 1620 Cecidere
471 1591 646 1626 Persarum,
671 1600 801 1629 quorum
822 1600 979 1623 numerum
999 1594 1132 1623 victores

143 1631 230 1661 finire
245 1636 423 1669 potuerunt,
440 1632 523 1662 milia
537 1633 603 1662 XL:
625 1633 825 1664 Macedi'mum
841 1635 940 1664 minus
957 1644 1049 1672 quam
1064 1635 1132 1664 CCC

102 1676 135 1705 27
143 1673 307 1705 desiderati
316 1679 394 1704 sunt.
417 1675 556 1705 Ceterum
564 1675 641 1705 hanc
649 1675 807 1706 victoriam
814 1685 869 1706 rex
876 1676 991 1707 maiore
1000 1686 1038 1707 ex
1046 1682 1132 1715 parte
