1215 1905
79 984 81 986 '
126 982 261 1013 contagium
271 989 338 1005 meae
349 983 424 1005 sortis
437 985 460 1005 et
473 982 586 1005 invidiam
594 982 712 1012 fortunae
726 982 821 1011 positus
832 982 856 1004 z'n
867 981 928 1004 solio
944 981 1005 1011 Gyri
1018 981 1111 1011 ylario-

127 79 186 110 106
469 77 501 112 Q.
526 76 680 105 CURTII
701 76 808 105 RUFI

126 157 251 184 stratum
265 161 283 182 a
297 152 403 189 peritis
417 151 607 189 Polystreitus
618 151 746 180 Macedo
760 151 807 181 siti
824 155 991 182 maceratus
1004 159 1108 182 acces-

126 195 178 225 sit:
195 202 230 224 ae
247 195 318 223 dum
333 193 420 230 galea
434 193 574 222 haustam
585 201 696 229 aquam
709 193 820 228 sorbet,
838 193 896 222 tela
907 193 1108 224 iumentorum

126 235 330 266 deficientium
338 234 519 271 corporibus
531 234 625 265 infixa
638 234 807 271 conspexit.
823 233 1020 271 Miratusque,
1036 243 1107 265 eon·
1116 239 1150 265 25

126 278 211 307 fossa
226 277 327 314 potius
344 284 433 313 quam
449 276 556 305 abacta
571 284 651 313 esse,
666 275 803 305 semivivi
819 275 950 305 hominis
962 276 977 296 *
989 276 1004 296 *
1015 276 1030 296 *

323 370 653 407 [Supplementum
674 369 951 405 Freinshemii.]

126 437 258 469 [gemitum
269 436 384 468 percipit.
408 436 494 466 Itaque
505 444 573 460 more
583 437 676 468 ingenii
686 436 789 460 humani
799 436 903 468 cupidus
920 436 1031 467 visendi,
1049 436 1110 467 quid

127 471 161 495 rei
172 470 286 495 vehiculo
297 470 345 493 isto
356 470 518 499 conderetur,
542 471 642 494 dimotis
661 471 768 502 pellibus
778 488 784 499 ‚
804 470 894 500 quibus
912 470 1036 494 obtectum
1048 473 1109 499 erat,

126 505 233 529 Dareum
244 503 329 528 multis
339 503 485 528 vulneribus
496 504 642 529 confossum
651 505 769 536 repperit.
806 504 901 536 Regius
912 504 977 528 enim
989 503 1070 528 cultus
1087 507 1111 528 et

126 546 215 563 aureae
229 542 344 568 catenae,
364 536 420 568 quis
433 545 447 561 a
457 538 590 569 parricidis
599 539 697 563 vinctus
708 538 803 570 fuerat,
821 538 1004 562 dubitationem
1014 538 1108 562 exime-

126 575 194 597 bant.
215 572 269 596 Non
279 575 331 596 erat
341 579 431 603 expers
442 571 529 596 Graeci
541 573 662 596 sermonis
671 573 778 596 Dareus:
791 572 934 604 gratiasque
946 572 1037 604 agebat
1050 572 1109 600 diis,

127 609 168 637 qui
179 611 236 638 post
246 610 314 630 tanta
331 606 397 629 mala
411 612 511 636 tamque
527 607 615 638 gravia
632 607 680 630 hoc
695 612 777 630 tamen
788 605 953 630 indulsissent
963 605 1061 634 solatii,
1078 613 1109 629 ne

127 642 227 665 omnino
239 641 264 664 in
276 639 411 664 solitudine
422 644 560 664 extremum
574 640 689 671 spiritum
701 640 847 665 effunderet.
872 640 962 671 Itaque
974 643 1006 672 te,
1021 639 1109 669 inquit,

126 675 235 707 quisquis
247 681 274 698 es
285 674 428 705 mortalium,
438 681 488 704 per
499 681 641 698 commanem
652 674 768 698 hominum
777 677 875 705 sortem,
888 682 904 697 a
914 682 963 705 qua
974 681 1018 698 nec
1030 674 1111 697 mazi-

126 717 176 733 mos
193 716 276 740 regum
290 711 416 738 eoeemptos
432 715 487 732 esse
501 709 630 738 praesenti
648 709 787 738 spectaculo
799 708 919 739 moneris,
938 715 998 739 roqo
1007 714 1110 739 quaeso-

126 751 180 775 que,
195 746 220 767 ut
230 742 291 766 haee
301 742 336 766 ad
347 742 521 766 Alea-andrum
533 743 650 767 mandata
659 751 711 767 mea
717 743 839 773 perferas
847 750 856 766 .·
870 741 928 766 nihil
940 749 1030 770 eorum,
1047 748 1110 773 quae

126 779 196 808 longe
205 777 345 801 tristissima
349 783 487 806 perpessus
498 785 548 800 sum
556 794 563 807 ,
579 784 608 800 ne
619 777 682 800 huuc
694 777 789 808 quidem
800 776 999 806 incomparabilis
1009 775 1109 800 calami-

127 812 185 836 tutis
198 812 290 835 emitum
305 811 340 834 ita
347 817 447 841 gravem
457 811 513 834 milti
521 811 653 838 accidisse,
677 815 701 834 ut
712 810 850 840 hocunum,
868 811 934 841 quod
939 814 998 841 post
1006 814 1074 834 tanta
1085 811 1109 833 z'n

127 854 163 870 me
180 852 291 876 meosque
311 846 398 868 merita
417 845 536 869 adversus
553 846 758 869 elementissz‘mmn
777 846 891 868 victorem
917 845 1011 868 inimico
1031 845 1110 868 viven-

127 880 182 904 dum
191 880 242 910 fuit
260 882 283 903 et
296 886 359 903 nunc
373 879 471 909 inqrato
480 879 628 903 moriendum
640 883 684 903 est.
712 879 764 903 Sed
772 880 796 902 si
808 886 856 910 qua
869 879 1001 908 postremis
1010 879 1110 902 misero-

128 922 179 938 rum
191 914 253 938 votis
264 913 333 943 apud
349 913 408 937 deos
422 914 459 937 vis
471 917 520 945 est,
534 917 557 937 et
566 921 618 936 cum
629 913 682 943 ipso
696 913 786 944 spiritu
797 913 918 944 profusas
928 919 1018 943 preces
1030 912 1109 936 mitius

127 948 228 979 aliquod
238 955 322 971 numen
332 947 453 979 exaudit,
466 948 507 971 ille
518 948 612 978 quidem
625 955 711 977 sospes
730 951 753 971 et
767 947 892 971 incolumis
904 948 1022 978 longeque
1033 953 1111 976 supra

125 1024 179 1041 sam
190 1019 293 1040 aetatem
302 1017 402 1046 exigat:
421 1023 529 1047 suaeque
544 1017 640 1040 virtutis
654 1022 742 1039 memor
758 1023 809 1039 eum
826 1016 899 1039 matri
908 1015 1039 1046 liberisque
1051 1015 1110 1038 meis

127 1052 203 1075 locum
212 1050 280 1079 apud
291 1057 319 1074 se
330 1057 384 1074 esse
394 1051 520 1081 patiatur,
540 1058 608 1081 quem
626 1050 662 1073 illi
675 1049 726 1079 fide
742 1053 765 1073 et
780 1049 895 1080 obsequio
911 1049 1052 1073 meruerint.
1076 1047 1112 1071 Ac

126 1084 271 1116 parricidas
280 1088 417 1114 promptum
431 1085 529 1108 exitium
541 1087 718 1115 consequatur,
738 1084 802 1115 quod
816 1083 966 1107 Alexander
976 1082 1108 1115 irrogabit,

127 1120 207 1143 sinon
219 1118 387 1142 rtzz'serz'cordia
402 1118 506 1149 infelicis
522 1117 612 1149 hostis,
634 1119 720 1142 saltem
738 1118 794 1141 odio
812 1118 963 1148 facinorum,
984 1121 1007 1141 et
1022 1125 1052 1141 ne
1070 1117 1111 1140 im-

126 1153 212 1183 punita
229 1153 253 1176 in
266 1152 368 1176 aliorum
381 1153 452 1176 etiam
465 1160 548 1184 regum
559 1159 672 1183 suumque
683 1153 759 1182 ipsius
777 1153 877 1176 exitium
887 1155 1022 1182 erwnpant.
1051 1152 1110 1175 Post

128 1187 198 1213 lineo,
211 1193 287 1216 quum
296 1187 338 1210 siti
347 1190 489 1218 angeretur,
500 1186 575 1210 allata
585 1194 629 1217 per
636 1186 801 1218 Polystratum
810 1194 874 1216 aqua
884 1189 1018 1214 recreatus,
1031 1185 1111 1216 Ergo,

128 1221 177 1249 ait,
193 1220 258 1243 hanc
274 1221 345 1244 etiam
364 1221 439 1244 tantis
457 1221 635 1244 calamitatibus
655 1224 788 1244 eztremam
802 1220 923 1244 accedere
940 1220 1063 1250 oportuit,
1086 1222 1111 1242 ut

128 1255 188 1278 bene
195 1254 280 1277 merito
289 1255 396 1285 ,qratiam
406 1255 504 1284 referre
514 1262 560 1278 non
568 1255 673 1284 possim:
689 1258 715 1278 al
726 1255 822 1284 referet
828 1253 987 1285 Alexander,
998 1253 1112 1276 Alexan-

129 1289 175 1313 dro
185 1295 243 1312 vero
256 1287 299 1311 dii.
334 1288 453 1321 Dextram
469 1288 559 1312 deinde
570 1288 696 1319 protendit
711 1295 815 1318 eamque
826 1287 984 1315 Alexandro,
1004 1287 1062 1311 fidei
1074 1294 1111 1310 re-

129 1323 186 1354 giae
196 1323 297 1353 pignus,
310 1321 369 1346 ferri
379 1322 476 1352 iubens,
488 1321 645 1354 apprehensa
652 1323 781 1353 Polystrati
791 1329 875 1353 manu,
887 1321 995 1345 unimam
1005 1321 1108 1346 efflavit.

129 1356 272 1380 Alexander
282 1363 313 1379 an
323 1356 428 1387 spiranti
441 1356 521 1380 adhue
532 1357 711 1387 supervenerit,
727 1356 848 1380 incertum
862 1360 912 1379 est:
933 1355 995 1379 illud
1004 1357 1112 1386 constat,

130 1390 268 1414 miserabili
276 1391 343 1422 regis
354 1390 537 1422 opulentissimi
548 1391 615 1414 exitu
633 1394 773 1421 comperto,
789 1390 904 1421 copiosas
922 1389 1037 1413 lacrimas
1055 1396 1113 1420 pro-

130 1424 227 1449 fudisse
241 1424 373 1455 statimque
386 1423 518 1455 chlamyde
535 1425 583 1448 sibi
601 1424 711 1448 detracta
723 1431 813 1456 corpus
827 1424 957 1455 operuisse
973 1427 998 1447 et
1018 1430 1110 1454 magno

130 1466 186 1482 cum
198 1458 292 1482 honore
305 1458 337 1482 ad
357 1466 416 1482 suos
435 1458 525 1482 deferri
539 1458 657 1489 iussisse,
676 1462 702 1482 ut
719 1459 789 1489 regio
807 1459 937 1482 Persarum
955 1464 1024 1481 more
1040 1463 1110 1480 cura-

131 1497 182 1517 tum
192 1493 359 1517 monumentis
370 1493 491 1516 majorum
500 1492 640 1517 inferretur.
665 1492 870 1524 Ingratitudinem
879 1491 1016 1523 hominum,
1029 1498 1044 1514 a
1055 1488 1111 1520 quis

129 1534 174 1558 pro
194 1528 298 1551 summis
319 1527 445 1551 beneficiis
466 1526 566 1550 crudele
588 1526 692 1550 exitium
709 1526 804 1550 Dareus
824 1525 940 1558 pertulit,
960 1531 1111 1556 quamquam

129 1564 218 1591 suopte
228 1561 329 1592 ingenio
340 1560 490 1585 horrendam
503 1564 526 1584 et
536 1560 729 1589 exsecrabilem,
745 1561 882 1591 insigniore
895 1560 927 1583 ad
938 1558 1109 1590 posteritatem

130 1594 232 1618 infamia
244 1595 371 1619 dumnavit
381 1596 450 1618 canis
461 1595 591 1618 cuiusdam
600 1595 663 1618 mira
674 1595 746 1626 fides,
757 1595 799 1624 qui
811 1594 840 1617 ab
853 1594 968 1618 omnibus
980 1592 1111 1616 familiari-

130 1629 176 1652 bus
190 1628 307 1652 derelieto
321 1629 389 1652 solus
406 1629 487 1653 adfuit
497 1632 534 1657 et,
553 1636 628 1659 quam
644 1629 669 1653 in
682 1629 767 1653 vivum
784 1635 844 1659 prae
857 1635 884 1651 se
895 1627 949 1651 tulit
960 1625 1111 1651 benevolen-

130 1663 198 1692 tiam,
213 1663 329 1686 morienti
342 1671 440 1693 quoque
453 1667 595 1687 constanter
605 1663 737 1694 praestitit.
765 1663 835 1685 Hunc
845 1662 909 1685 vitae
922 1661 996 1684 finem
1007 1660 1110 1684 sortitus

130 1700 167 1720 est
179 1695 235 1725 ille,
255 1704 328 1726 quem
339 1697 413 1721 modo
424 1696 575 1721 contumelia
586 1697 651 1720 affici
662 1697 794 1728 putabant,
815 1696 863 1719 nisi
878 1703 962 1727 regem
983 1701 1072 1726 regum
1087 1697 1112 1716 et
