1215 1895
251 93 322 123 LIB.
339 93 390 122 IV.
408 93 489 122 CAP.
505 92 582 129 XIII,
596 95 700 124 8—28.
716 103 763 130 (ιν,
782 104 867 126 47-50.
889 102 929 130 Ζ.]
1069 93 1112 124 65

112 173 336 205 convenerant,
363 168 485 199 insolito
507 167 590 198 circu
616 169 801 206 praetorium
829 168 949 199 silentio
975 169 1108 200 attoniti:

70 218 104 242 18
113 211 230 248 quippe
245 211 320 240 alias
337 219 497 241 accersere
513 211 600 247 ipsos
616 215 646 240 et
667 210 818 241 interdum
840 216 994 241 morantes
1018 211 1108 242 casti-

111 262 183 290 gare
199 257 394 283 assueverat:
416 257 485 283 tunc
501 260 539 282 ne
555 252 659 282 ultimo
677 253 800 289 quidem
815 261 916 283 rerum
932 252 1108 284 discrimine

110 295 274 325 excitatum
290 303 361 325 esse
376 294 561 324 mirabantur
582 300 612 323 et
633 303 693 323 non
716 303 824 324 somno
849 295 1026 332 quiescere,
1051 296 1110 326 sed

71 341 102 367 19
112 345 228 373 pavore
244 343 380 366 marcere
396 336 569 366 credebant.
613 337 678 366 Non
696 340 796 366 tamen
813 336 976 374 quisquam
994 346 1033 366 ex
1055 346 1108 367 cu-

111 378 251 409 stodibus
277 377 416 414 corporis
437 378 548 407 intrare
571 378 799 408 tabernaculum
820 379 968 408 audebat:
992 384 1022 409 et
1048 379 1108 408 iam

111 425 230 457 tempus
245 419 392 455 instabat,
414 427 473 449 nec
488 419 575 449 miles
591 419 709 450 iniussu
726 421 813 450 ducis
829 426 881 450 aut
895 429 978 450 arma
995 429 1108 458 capere

66 467 102 492 20
111 466 230 499 poterat
244 465 295 491 aut
310 461 339 490 in
356 461 480 490 ordines
496 461 549 491 ire.
573 461 629 491 Diu
645 462 802 492 Parmenio
819 468 988 498 cunctatus,
1005 463 1106 492 cibum

110 508 141 533 ut
156 507 308 540 caperent,
325 503 393 540 ipse
409 503 592 540 pronuntiat.
631 504 755 541 lamque
772 504 856 533 exire
873 512 1002 534 neccsse
1025 509 1104 534 erat:

108 550 179 575 tunc
195 545 316 574 demum
332 545 422 574 intrat
437 546 664 575 tabernaculum
682 545 870 582 saepiusque
887 546 1008 576 nomine
1022 555 1100 576 com-

65 591 97 617 21
109 587 267 624 pellatum,
291 595 384 624 quum
399 595 477 617 voce
494 595 554 616 non
571 592 693 624 posset,
717 593 799 617 tactu
814 587 966 617 excitavit.
1008 589 1104 618 Multa

107 630 170 665 lux,
189 628 295 666 inquit,
310 634 367 658 est:
385 631 557 659 instructam
574 631 667 659 aciem
679 630 767 659 hostis
778 631 922 659 admovit:
939 635 1006 660 {uus
1022 632 1105 661 miles

107 671 208 700 adhuc
225 673 345 700 inermis
358 676 497 708 expectat
514 673 679 708 imperium.
717 671 774 701 Ubi
787 677 831 701 est
847 675 929 708 τῖμον
946 674 995 702 ille
1013 675 1107 702 animi

64 711 173 742 221112'?
193 721 298 750 nempe
308 715 442 742 excitare
454 715 554 749 vigiles
564 716 647 742 soles.
671 713 719 742 Ad
732 713 807 742 haec
821 714 1011 743 Alexander:
1029 715 1101 744 Cre—

107 755 200 788 disne,
213 763 258 784 me
272 757 359 791 prius
370 763 500 784 somnum
517 764 625 791 capere
638 757 780 791 potuisse.
802 764 889 792 quam
908 764 1103 786 exonerarem

105 797 235 825 animum
245 797 448 830 sollicimdine,
467 805 544 833 quae
561 798 685 833 quietem
702 797 896 826 morabatur?
919 797 1102 835 signumque

63 841 97 867 23
108 845 227 875 pugnae
245 838 315 867 tuba
330 837 394 867 dari
410 838 507 867 lussit.
544 838 581 867 Et
608 847 700 874 quum
727 838 754 867 in
778 840 886 868 eadem
901 839 1101 870 admiratione

106 879 263 909 Parmenio
292 884 518 916 perseveraret,
546 881 629 916 quod
653 881 784 910 solutum
807 890 841 910 se
864 881 945 910 curis
961 890 1101 911 somnum

106 921 227 957 cepisse
240 921 379 956 dixisset,
397 922 526 958 Mutinae,
540 922 646 958 inquit,
661 924 767 952 mirum
779 927 822 952 est
829 934 837 951 .·
849 932 902 960 eqo
914 925 999 957 enim,
1013 933 1100 960 quum

104 963 221 993 Dareus
233 968 344 993 terram
357 968 463 999 ureret,
484 966 560 994 vicos
571 966 751 998 excinderet,
771 967 911 994 alimenta
929 974 1099 1003 corrumpe-

61 1006 97 1032 24
105 1010 157 1035 ret.
167 1009 270 1041 potens
284 1007 342 1035 mei
352 1014 504 1035 noueram
512 1017 521 1035 .·
540 1015 619 1035 nunc
631 1015 698 1035 vero
709 1008 782 1043 quid
790 1012 924 1038 metuam.
937 1016 1026 1044 quum
1037 1010 1102 1038 acie

104 1047 265 1077 decernere
274 1046 386 1084 parer?
417 1048 554 1081 Hercule,
568 1054 660 1077 votum
673 1057 767 1077 meum
778 1050 915 1085 implevit.
944 1049 1006 1078 Sed
1015 1050 1103 1079 huius

103 1090 218 1117 consilii
224 1093 327 1125 postea
338 1097 451 1125 quoque
461 1092 538 1119 ratio
549 1091 709 1119 reddam.-
728 1099 775 1120 vos
792 1093 829 1120 ile
848 1092 891 1120 ad
904 1093 1013 1127 copias,
1031 1093 1101 1128 qui—

103 1131 156 1159 bus
167 1132 287 1167 quisque
295 1135 424 1167 praeest.
459 1132 522 1168 qu
533 1134 593 1160 iam
605 1133 698 1160 adero
709 1136 745 1168 et,
756 1134 830 1169 quid
843 1135 913 1168 fieri
930 1135 1022 1168 velim,
1041 1142 1102 1163 ex-

59 1174 92 1200 25
102 1180 222 1209 ponam.
244 1173 325 1202 Raro
341 1172 514 1207 admodum,
530 1173 687 1203 admonitu
704 1174 799 1210 magis
813 1174 979 1203 amicorum
1010 1183 1100 1212 quam

104 1218 186 1243 metu
205 1213 388 1243 discriminis
409 1214 550 1248 adeundi,
563 1215 687 1244 thorace
712 1216 752 1244 uti
773 1217 906 1245 solebat:
934 1222 1004 1246 tunc
1025 1226 1099 1254 quo-

104 1264 163 1293 que
177 1255 360 1285 munimento
373 1256 514 1293 corporis
527 1263 657 1293 sumpto,
663 1258 816 1294 processit
827 1259 866 1287 ad
881 1258 998 1288 milites.
1012 1259 1102 1289 Haud

102 1296 178 1327 alias
198 1303 257 1327 tarn
276 1298 407 1327 alacrem
428 1298 568 1328 viderant
587 1308 704 1333 regem:
733 1305 763 1330 et
778 1301 862 1330 vultu
881 1301 948 1330 eius
964 1300 1099 1331 interrito

103 1344 215 1369 certam
232 1348 320 1377 spem
336 1340 482 1370 victoriae
501 1342 738 1377 augurabantur.

59 1383 93 1410 26
191 1381 258 1416 (50)
292 1385 393 1418 Atque
416 1382 480 1417 ille,
508 1388 634 1419 proruto
664 1385 759 1418 vallo,
785 1384 868 1413 exire
889 1384 997 1421 copias
1017 1385 1102 1415 iubet.

101 1422 260 1460 aciemque
278 1424 424 1460 disponit.
461 1425 493 1452 ln
517 1425 625 1454 dextro
647 1434 743 1455 cornu
763 1425 852 1455 locati
876 1432 946 1455 sunt
968 1427 1098 1463 equites,

102 1473 181 1502 quos
196 1473 303 1501 agema
318 1466 524 1502 appellabant.
562 1467 700 1496 Praeerat
726 1467 772 1497 liis
795 1468 904 1499 Clitus,
932 1468 979 1497 cui
1003 1468 1100 1508 iunxit

99 1506 232 1536 Philotae
246 1512 374 1536 turmas:
391 1513 574 1544 ceterosque
589 1510 762 1545 praefectos
779 1509 914 1545 equitum
931 1510 1014 1539 lateri
1031 1510 1098 1540 eius

57 1550 90 1578 27
101 1548 257 1586 applicuit.
295 1549 404 1578 Ultima
420 1550 563 1586 Meleagri
585 1552 633 1579 ala
650 1552 764 1583 stabat.
786 1560 876 1587 «piam
897 1552 1028 1588 phalanx
1049 1561 1095 1582 se-

100 1591 258 1628 quebatur.
296 1591 368 1621 Post
385 1592 565 1628 phalangem
582 1593 812 1630 Argyraspides
829 1598 929 1622 erant:
948 1593 994 1623 nis
1010 1594 1094 1624 Nica-

57 1633 92 1661 28
101 1641 166 1667 nor,
174 1632 381 1662 Parmenionis
393 1634 483 1665 titius,
497 1640 646 1670 praeerat.
665 1635 694 1663 ln
708 1634 854 1664 subsidiis
862 1644 930 1664 cum
940 1644 1031 1666 manu
1040 1645 1098 1666 sua

101 1674 230 1708 Coenos.
244 1679 315 1711 post
329 1683 399 1704 eum
409 1677 535 1705 Orestae
545 1677 779 1713 Lyncestaeque
789 1682 859 1707 sunl
873 1676 1007 1717 [positi]:
1025 1683 1098 1715 post.

98 1715 168 1745 illos
176 1716 378 1754 Polypercon,
391 1718 454 1746 dux
468 1718 620 1755 peregrini
633 1718 750 1748 militis:
764 1719 854 1748 huius
866 1720 978 1756 agmini
991 1719 1095 1757 proxi-

141 1765 223 1786 cuar.
247 1766 311 1786 aur.
868 1761 887 1790 5
