1215 1905
113 120 186 150 ΜΒ.
199 120 264 149 Vll.
287 120 368 149 CAP.
382 120 418 154 v,
435 123 470 150 38
482 136 513 139 —
526 117 607 147 CAP.
622 117 672 153 Vl,
690 122 730 147 15.
747 124 901 156 [vum-2⁶.
919 127 957 153 z.]
993 115 1059 147 159

63 200 226 233 superatos
244 195 350 225 virtute
366 194 456 225 illius.
499 195 580 229 Rex,
603 193 664 224 fide
687 195 756 223 data
777 198 807 223 et
822 192 952 230 captivis
967 200 1049 222 rece>

33 242 52 270 8
63 238 139 277 ptis,
162 242 282 275 gentem
298 237 327 266 in
345 237 529 266 deditionem
550 236 678 273 acecpit.
724 235 838 265 Castris
859 235 930 264 inde
951 234 1057 268 motiS,

64 279 171 309 lectica
186 278 304 309 militari
318 278 484 313 serebatur,
507 286 597 314 quam
614 286 670 315 pro
687 286 720 307 se
737 277 870 315 quisque
886 284 983 314 eques
999 284 1048 313 pe-

63 322 182 359 desque
196 320 299 351 subire
314 320 478 350 certabant.
522 319 664 357 Equites,
681 327 749 349 cum
765 319 876 356 quibus
892 327 948 348 rex
963 326 1052 355 proe-

63 364 103 393 lia
119 363 194 393 inire
211 363 318 393 solitus
340 366 418 395 erat,
442 361 489 392 sui
505 361 639 392 muneris
661 361 692 390 id
714 369 784 391 esse
798 361 980 390 censebant:
999 367 1052 396 pe-

64 405 142 435 dites
158 409 278 441 contra‚
295 412 388 441 quum
403 404 526 434 saucios
546 403 768 433 commilitones
790 402 850 440 ipsi
866 406 988 439 gestare
1004 409 1052 430 as<

65 447 255 482 snex-issent,
277 446 352 483 eripi
369 445 425 475 sibi
443 445 598 482 proprium
614 445 749 475 officium
767 449 829 474 turn
850 443 1053 481 potissimum,

34 493 156 526 9quum
176 496 232 518 rex
257 488 423 525 gestandus
450 492 548 523 esset,
574 487 787 524 querebantur.
828 487 896 516 Rex
917 485 947 515 in
969 490 1053 515 tanto

64 531 224 568 utriusque
247 529 339 567 partis
367 528 530 559 certamine
551 533 580 558 et
601 528 658 558 sibi
681 528 835 558 difficilem
858 532 887 557 et
908 526 1053 564 praeteri-

65 573 102 602 tis
117 580 240 610 gravem
263 571 440 601 electionem
465 571 592 600 suturam
615 574 697 600 ratus
720 570 850 599 invicem
873 568 976 599 subire
997 576 1054 598 eos

64 614 161 644 iussit.

23 660 56 687 10
137 655 205 691 (26)
226 655 302 684 Hinc
325 660 431 692 quarto
454 654 502 683 die
525 655 562 683 ad
585 653 691 684 urbem
716 653 902 683 Maracanda
922 660 1051 690 perven-

63 702 125 727 tum
140 702 196 727 est.
238 697 316 727 LXX
338 697 435 726 stad'ta
457 705 560 725 murus
583 696 665 725 urbis
688 695 893 732 amplectitur:
921 703 975 724 arx
992 694 1051 723 alio

64 739 192 776 cingitur
206 748 302 768 muro.
338 740 383 768 Ac
400 738 553 775 praesidio
570 738 653 767 urbis
669 737 773 767 relicto
791 737 950 774 proximos
967 736 1052 766 vicos

65 781 268 818 depopulatur
283 785 375 817 atque
390 780 457 809 urit.

26 828 54 853 ll
142 822 246 859 Legati
262 822 373 851 deinde
387 822 535 851 Abiorum
559 821 740 860 Scytharum
762 820 997 858 superveniunt,
1020 819 1051 848 li-

65 864 142 901 beri,
158 873 196 894 ex
213 873 273 901 quo
291 864 467 893 decesserat
482 863 595 901 Cyrus,
613 868 674 893 tum
689 863 837 900 imperata
853 861 969 892 facturi.
1006 862 1052 890 lu-

65 906 216 936 stissimos
232 906 430 935 barbarorum
446 905 623 935 constabat:
651 904 743 935 armis
759 904 967 940 abstinebant,
993 902 1052 932 nisi

65 948 212 978 lacessiti:
235 947 380 977 libertatis
402 947 522 977 modico
539 951 568 976 et
583 947 704 984 aequali
720 955 778 976 usu
792 946 982 983 principibus
998 945 1038 974 hu

25 990 197 1020 miniliores
220 997 310 1026 pares
334 990 475 1018 fecerant.
519 989 583 1018 Hos
606 989 738 1026 benigne
759 989 910 1018 allocutus
935 988 972 1016 ad
997 996 1052 1016 eos

65 1031 212 1069 Scythas,
239 1030 290 1067 qui
305 1030 458 1067 Europam
473 1030 624 1066 incolunt,
651 1031 782 1060 Berdam
805 1030 957 1067 quendam
973 1029 1054 1058 misit

64 1081 103 1103 ex
113 1072 229 1108 amicis,
247 1072 298 1110 qui
312 1072 501 1102 denuntiaret
512 1072 568 1107 his,
583 1081 621 1102 ne
633 1072 765 1107 Tanaim,
778 1080 897 1101 amnem
908 1071 1052 1108 regionis,

64 1115 182 1144 iniussu
197 1115 278 1151 regis
296 1115 466 1144 transirent.
499 1114 605 1144 Eidem
621 1115 803 1149 mandatum,
820 1118 853 1143 ut
867 1114 1053 1150 contempt-t-

65 1162 144 1187 retur
165 1157 303 1186 locorum
325 1156 415 1186 situm
436 1161 465 1185 et
486 1157 555 1186 illos
573 1165 697 1193 quoque
713 1156 861 1194 Scythas,
885 1155 937 1192 qui
959 1162 1054 1192 super

24 1199 235 1236 13Bosp6rum
252 1199 363 1234 colunt,
380 1198 502 1227 viseret.
549 1198 735 1228 Condendae
756 1197 824 1227 urbi
836 1198 942 1227 sedem
958 1204 1053 1233 super

65 1240 160 1278 ripam
187 1240 295 1270 Tanais
323 1241 471 1277 elegerat,
499 1241 662 1270 claustrum
683 1244 713 1269 et
733 1240 792 1269 iam
813 1238 1053 1276 perdomitorum

65 1287 94 1312 et
116 1290 195 1319 quae
215 1282 325 1312 deinde
346 1282 428 1311 adire
451 1283 637 1311 decreverat.
679 1282 741 1311 Sed
759 1281 919 1311 consilium
939 1280 1055 1310 distulit

65 1324 288 1361 Sogdianorum
311 1324 445 1353 nuntiata
467 1324 614 1359 desectio,
636 1332 715 1361 quae
730 1323 908 1354 Bactrianos
928 1330 1053 1360 quoque

24 1365 162 1396 l4traxit.
202 1367 257 1395 Vll
274 1366 353 1395 milia
370 1366 505 1403 equitum
521 1370 614 1400 erant,
633 1374 762 1403 quorum
777 1365 988 1395 auctoritatem
1005 1372 1052 1393 ce-

64 1407 120 1437 teri
136 1408 350 1444 sequebantur.
393 1408 569 1437 Alexander
591 1407 796 1445 Spitamenem
812 1411 841 1437 et
856 1407 1014 1441 Catenem,
1036 1414 1053 1434 a

67 1449 178 1485 quibus
194 1449 221 1479 ei
238 1450 363 1479 traditus
380 1453 443 1478 erat
458 1449 584 1484 Bessus,
600 1449 682 1479 haud
699 1449 825 1485 dubius,
852 1448 924 1485 quin
948 1455 1054 1477 eorum

66 1498 161 1527 opera
182 1491 278 1528 redigi
300 1495 427 1528 possent
449 1490 478 1519 in
502 1495 699 1527 potestatem,
722 1491 774 1528 qui
789 1494 978 1520 novaverant
993 1497 1052 1523 res,

24 1532 154 1562 l‘oiussit
167 1532 293 1562 accersi.
340 1534 378 1562 At
394 1532 450 1567 illi,
473 1532 670 1569 defectionis,
689 1533 727 1562 ad
744 1541 834 1569 quam
851 1532 1054 1561 coercendam

66 1574 282 1609 avocabantur,
295 1578 446 1609 auctores,
461 1575 660 1610 vulgaverant
672 1575 760 1610 sama,
775 1573 954 1604 Bactrianos
967 1573 1053 1610 equi-

66 1621 111 1645 tes
127 1624 145 1644 a
160 1624 232 1652 rege
249 1624 370 1652 omnes,
392 1620 424 1645 ut
440 1615 666 1651 occiderentur,
688 1616 805 1646 accersi
819 1616 912 1652 idque
924 1615 1052 1652 impera-

66 1662 127 1687 tum
142 1657 235 1694 ipsis:
263 1667 322 1688 non
340 1658 524 1687 sustinuisse
540 1663 638 1687 tamen
656 1658 781 1695 exequi,
807 1667 844 1687 ne
867 1656 1053 1694 inexpiabile

66 1698 95 1728 in
119 1701 283 1737 populares
303 1699 421 1729 facinus
450 1700 656 1729 admitterent:
679 1709 740 1730 non
762 1700 859 1737 magis
884 1697 1052 1729 Alexandri

66 1740 223 1771 saevitiam
247 1750 336 1779 quarn
357 1741 445 1771 Be<si
471 1741 664 1779 parricidium
683 1743 759 1772 serre
774 1741 924 1780 potuisse.
947 1742 1053 1777 Itaque
