1215 1905
120 99 180 131 270
463 100 495 135 Q.
520 99 676 128 CURTII
697 100 802 128 RUFI

120 183 190 211 rege
206 178 288 203 esset
304 174 464 210 copiisque
479 178 654 210 praeesset,
673 182 751 210 quae
772 183 873 211 regern
891 176 1103 211 sequebantur.

120 216 282 245 Credidere
304 215 443 252 quidam,
465 219 644 245 testamento
660 215 826 244 Alexandri
845 215 1020 247 distributas
1034 225 1103 247 esse
1115 223 1131 246 5

119 256 308 294 provincias:
326 257 382 285 sed
397 257 506 286 samam
522 256 588 286 eius
604 256 661 291 rei,
680 265 864 294 quamquam
877 258 915 287 ab
930 257 1103 288 auctoribus

119 298 227 328 tradita
248 302 310 333 est,
337 307 445 327 vanam
462 298 558 327 fuisse
574 298 787 335 comperimus.
829 299 866 328 Et
887 299 1009 336 quidem
1031 304 1131 330 suas5

120 339 250 376 quisque
272 348 364 376 opes,
390 339 496 368 divisis
516 339 635 376 imperii
656 340 807 376 partibus,
824 340 999 370 tuebantur:
1026 349 1102 377 quas

118 381 176 418 ipsi
193 382 408 417 fundaverant,
431 381 457 410 si
473 389 606 417 unquam
628 382 778 411 adversus
793 380 971 411 immodicas
986 381 1101 419 eupidi-

120 427 194 452 tates
210 422 355 452 terminus
372 427 473 452 staret.
517 422 635 459 Quippe
658 423 747 459 paulo
770 427 840 452 ante
861 423 942 460 regis
964 423 1128 459 annisum

119 464 222 500 specie
241 464 358 501 imperii
377 463 467 493 alieni
482 464 681 500 procurandi,
704 463 814 501 singuli
835 464 967 501 ingentia
982 465 1101 494 invase-

118 510 184 534 rant
203 513 312 541 regna,
335 505 462 535 sublatis
485 505 679 536 certaminum
700 505 817 541 causis,
838 515 930 542 quum
951 510 980 536 et
996 514 1101 536 omnes

118 546 255 576 eiusdem
269 546 367 584 gentis
384 551 488 576 essent
502 551 531 576 et
545 556 563 576 a
578 547 686 576 ceteris
708 547 755 577 sui
772 547 903 584 quisque
918 547 1035 585 imperii
1055 555 1100 576 re-

117 590 207 624 gione
222 588 355 618 discreti.
390 588 450 617 Sed
467 588 590 618 difficile
606 593 677 624 erat,
693 597 730 618 eo
746 593 906 619 contentos
921 597 1002 625 esse,
1019 589 1099 625 quod
1111 592 1128 618 8

118 630 267 659 obtulerat
282 629 422 659 occasio:
447 630 562 666 quippe
577 631 703 660 sordent
717 631 813 667 prima
829 639 984 667 quaeque,
1008 639 1099 667 quum

117 670 231 700 maiora
246 675 417 708 sperantur.
462 672 566 708 Itaque
589 672 728 701 omnibus
744 672 916 709 expeditius
932 672 1098 706 videbatur,

117 721 228 749 augere
244 721 347 749 regna,
365 721 455 750 quam
473 713 588 748 suisset,
605 713 754 750 accipere.

198 753 266 791 (31)
289 753 442 791 Septimus
458 754 524 784 dies
540 759 612 790 erat,
628 763 667 785 ex
683 764 744 792 quo
761 764 872 792 corpus
888 755 967 792 regis
984 755 1100 785 iacebat
1111 759 1127 785 9

116 796 145 824 in
162 796 250 832 solio,
272 796 353 825 euris
370 796 502 826 omnium
517 797 556 825 ad
578 797 767 826 formandum
788 797 941 834 publicum
957 801 1066 826 statum
1081 805 1098 825 a

116 842 174 866 tam
190 837 329 866 sollemni
344 846 467 867 munere
490 837 617 867 aversis.
658 838 694 866 Et
716 847 774 866 non
798 838 864 867 aliis
890 846 980 874 quam
999 838 1141 867 Meso-10

116 878 266 915 potamiae
286 879 410 916 regione
432 879 576 908 fervidior
597 883 700 908 aestus
722 879 837 915 existit,
860 880 937 909 adeo
954 883 987 908 ut
1001 880 1098 916 plera-

116 928 174 954 que
190 919 345 955 animalia,
367 928 445 956 quae
460 920 490 949 in
506 921 588 949 nudo
605 921 671 949 solo
688 920 903 957 deprehendit,
927 920 1097 957 extinguat:

114 966 214 990 tantus
231 965 277 990 est
290 968 388 997 vapor
403 961 477 990 solis
494 966 523 990 et
539 961 626 998 coeli,
641 969 700 998 quo
717 966 834 996 cuneta,
853 963 934 991 velut
948 961 1026 998 igne,
1039 966 1098 991 tor-

115 1007 224 1031 rentur.
247 1002 359 1031 Fontes
374 1010 522 1039 aquarum
537 1006 566 1031 et
580 1002 639 1031 rari
655 1007 724 1032 sunt
739 1007 768 1032 et
783 1002 977 1032 incolentium
994 1003 1098 1032 fraude
1108 1007 1138 1032 ll

114 1045 262 1073 celantur:
289 1043 365 1080 ipsis
389 1052 463 1073 usus
480 1047 576 1080 patet,
603 1043 724 1080 ignotus
740 1049 787 1073 est
801 1044 937 1073 advenis.
980 1044 1018 1074 Ut
1033 1049 1094 1073 tan-
1108 1049 1139 1073 12

114 1086 182 1114 dem
196 1093 301 1115 curare
318 1093 430 1122 corpus
446 1084 617 1114 exanimum
639 1085 744 1114 amicis
761 1085 893 1120 vacavit,
917 1087 998 1115 nulla
1021 1086 1097 1121 tabe,

114 1135 150 1156 ne
167 1126 288 1156 minimo
306 1126 427 1163 quidem
444 1126 540 1156 livore
563 1131 736 1163 corruptum
753 1127 870 1162 videre,
901 1127 952 1164 qui
967 1127 1096 1157 intrave-

112 1173 187 1198 rant.
230 1168 327 1204 Vigor
342 1176 474 1205 quoque,
492 1168 543 1204 qui
559 1173 678 1198 constat
692 1177 729 1197 ex
746 1168 861 1205 spiritu,
878 1177 939 1198 non
954 1168 1096 1198 destitue-

112 1215 159 1239 rat
177 1211 300 1239 vultum.
340 1210 445 1247 Itaque
467 1210 610 1248 Aegyptii
635 1210 855 1247 Chaldaeique,
882 1209 959 1240 iussi
985 1218 1097 1247 eorpus
1107 1213 1138 1239 13

113 1260 169 1281 suo
186 1259 269 1280 more
285 1259 406 1287 curare,
434 1252 529 1288 primo
552 1260 611 1281 non
634 1256 704 1281 sunt
725 1251 791 1281 ausi
812 1252 990 1288 admovere,
1016 1252 1097 1281 velut

113 1293 251 1329 spiranti,
274 1301 397 1322 manus:
414 1293 523 1322 deinde
540 1293 667 1329 precati,
690 1297 721 1322 ut
735 1293 782 1322 ius
798 1294 906 1329 fasque
921 1297 1004 1323 esset
1018 1301 1095 1322 mor-

113 1334 231 1370 talibus,
247 1338 404 1364 attreetare
416 1342 493 1370 eum,
508 1342 677 1371 purgavere
690 1343 810 1371 corpus,
826 1336 1035 1372 repletumque
1050 1338 1097 1363 est

114 1375 260 1405 odoribus
281 1384 406 1405 aureum
428 1375 552 1412 solium,
578 1380 608 1405 et
629 1375 720 1413 capiti
735 1375 853 1406 adiecta
871 1377 1006 1406 fortunae
1030 1375 1096 1405 eius

113 1417 251 1454 insignia.
279 1418 407 1447 Veneno
422 1422 562 1448 necatum
576 1425 647 1447 esse
664 1417 820 1446 credidere
835 1417 987 1454 plerique:
1004 1417 1096 1446 filium
1108 1421 1137 1446 14

113 1458 271 1495 Antipatri,
288 1458 365 1488 inter
378 1459 543 1495 ministros,
565 1459 668 1488 Iollam
684 1459 813 1495 nomine,
830 1459 923 1496 patris
942 1459 1029 1489 iussu
1044 1459 1094 1487 de-

114 1500 205 1529 disse.
230 1500 330 1537 Saepe
347 1505 427 1530 certe
442 1500 546 1530 audita
561 1505 624 1530 erat
639 1509 701 1530 vox
717 1500 891 1535 Alexandri,
907 1500 1096 1537 Antipatrum

112 1542 227 1577 regium
243 1542 385 1572 affectare
399 1542 550 1579 fastigium
563 1542 768 1579 maioremque
784 1550 853 1571 esse
869 1541 1013 1578 praefecti
1028 1550 1093 1578 opl-

112 1583 169 1612 bus
184 1591 220 1612 ac
235 1583 319 1613 titulo
332 1583 501 1620 Spartanae
515 1583 660 1613 victoriae
675 1583 819 1617 inflatum,
837 1583 936 1613 omnia
947 1592 965 1612 a
977 1591 1010 1613 se
1026 1583 1094 1612 dam

112 1629 299 1654 asserentem
315 1624 383 1654 sibi.
411 1625 580 1655 Credebant
595 1625 692 1661 etiam,
709 1625 862 1655 Craterum
878 1633 945 1654 cum
963 1628 1094 1653 veterum
1106 1628 1135 1653 15

112 1665 236 1695 militum
250 1674 340 1696 manu
356 1668 395 1696 ad
410 1666 650 1697 interficiendum
666 1675 733 1696 eum
748 1667 883 1696 missum.
911 1665 978 1694 Vim
994 1670 1092 1694 autem
1105 1668 1134 1694 16

113 1707 230 1743 veneni,
253 1708 336 1744 quod
352 1708 381 1736 in
397 1708 577 1738 Macedonia
598 1708 742 1745 gignitur,
764 1709 851 1737 talem
874 1715 943 1736 esse
965 1711 1092 1742 constat,
