<?xml version="1.0" encoding="UTF-8"?>
<!DOCTYPE html PUBLIC "-//W3C//DTD XHTML 1.0 Transitional//EN"
    "http://www.w3.org/TR/xhtml1/DTD/xhtml1-transitional.dtd">
<html xmlns="http://www.w3.org/1999/xhtml" xml:lang="en" lang="en">
 <head>
  <title>
</title>
<meta http-equiv="Content-Type" content="text/html;charset=utf-8" />
  <meta name='ocr-system' content='tesseract 3.04.00' />
  <meta name='ocr-capabilities' content='ocr_page ocr_carea ocr_par ocr_line ocrx_word'/>
</head>
<body>
  <div class='ocr_page' id='page_1' title='image "./degestisalexand00curtuoft_0190.png"; bbox 0 0 1215 1905; ppageno 0'>
   <div class='ocr_carea' id='block_1_1' title="bbox 159 105 836 141">
    <p class='ocr_par' dir='ltr' id='par_1_1' title="bbox 159 105 836 141">
     <span class='ocr_line' id='line_1_1' title="bbox 159 105 836 141; baseline -0.003 -6"><span class='ocrx_word' id='word_1_1' title='bbox 159 105 220 136; x_wconf 83' lang='lat'>162</span> <span class='ocrx_word' id='word_1_2' title='bbox 496 106 528 141; x_wconf 81' lang='lat' dir='ltr'>Q.</span> <span class='ocrx_word' id='word_1_3' title='bbox 552 105 708 134; x_wconf 85' lang='lat' dir='ltr'>CURTII</span> <span class='ocrx_word' id='word_1_4' title='bbox 730 105 836 134; x_wconf 86' lang='lat' dir='ltr'>RUFI</span> 
     </span>
    </p>
   </div>
   <div class='ocr_carea' id='block_1_2' title="bbox 144 180 1215 1753">
    <p class='ocr_par' dir='ltr' id='par_1_2' title="bbox 144 180 1215 1753">
     <span class='ocr_line' id='line_1_2' title="bbox 158 180 1171 218; baseline 0.002 -8"><span class='ocrx_word' id='word_1_5' title='bbox 158 189 233 210; x_wconf 91' lang='lat' dir='ltr'>suos</span> <span class='ocrx_word' id='word_1_6' title='bbox 249 184 375 217; x_wconf 85' lang='lat' dir='ltr'>poterat.</span> <span class='ocrx_word' id='word_1_7' title='bbox 419 180 553 217; x_wconf 76' lang='lat' dir='ltr'>Ancipiti</span> <span class='ocrx_word' id='word_1_8' title='bbox 569 180 703 217; x_wconf 86' lang='lat' dir='ltr'>periculo</span> <span class='ocrx_word' id='word_1_9' title='bbox 726 180 903 217; x_wconf 86' lang='lat' dir='ltr'>implicitus,</span> <span class='ocrx_word' id='word_1_10' title='bbox 925 181 1001 210; x_wconf 91' lang='lat' dir='ltr'>deos</span> <span class='ocrx_word' id='word_1_11' title='bbox 1018 189 1140 218; x_wconf 84' lang='lat' dir='ltr'>quoque</span> <span class='ocrx_word' id='word_1_12' title='bbox 1155 184 1171 213; x_wconf 86' lang='grc'><strong>7</strong></span> 
     </span>
     <span class='ocr_line' id='line_1_3' title="bbox 158 221 1140 258; baseline 0 -7"><span class='ocrx_word' id='word_1_13' title='bbox 158 222 313 257; x_wconf 76' lang='lat' dir='ltr'>incusans,</span> <span class='ocrx_word' id='word_1_14' title='bbox 330 222 521 258; x_wconf 75' lang='lat' dir='ltr'>querebatur,</span> <span class='ocrx_word' id='word_1_15' title='bbox 538 231 572 251; x_wconf 89' lang='lat' dir='ltr'>se</span> <span class='ocrx_word' id='word_1_16' title='bbox 584 222 684 250; x_wconf 86' lang='lat' dir='ltr'>iacere</span> <span class='ocrx_word' id='word_1_17' title='bbox 700 230 834 258; x_wconf 81' lang='lat' dir='ltr'>segnem,</span> <span class='ocrx_word' id='word_1_18' title='bbox 851 221 937 251; x_wconf 87' lang='lat' dir='ltr'>cuius</span> <span class='ocrx_word' id='word_1_19' title='bbox 949 222 1140 252; x_wconf 80' lang='lat' dir='ltr'>velocitatem</span> 
     </span>
     <span class='ocr_line' id='line_1_4' title="bbox 159 263 1167 300; baseline 0.002 -9"><span class='ocrx_word' id='word_1_20' title='bbox 159 271 246 292; x_wconf 82' lang='lat' dir='ltr'>nemo</span> <span class='ocrx_word' id='word_1_21' title='bbox 264 268 352 292; x_wconf 81' lang='lat' dir='ltr'>antea</span> <span class='ocrx_word' id='word_1_22' title='bbox 367 263 514 292; x_wconf 84' lang='lat' dir='ltr'>valuisset</span> <span class='ocrx_word' id='word_1_23' title='bbox 529 264 678 300; x_wconf 84' lang='lat' dir='ltr'>effugere:</span> <span class='ocrx_word' id='word_1_24' title='bbox 707 263 757 292; x_wconf 86' lang='lat' dir='ltr'>vix</span> <span class='ocrx_word' id='word_1_25' title='bbox 773 271 847 292; x_wconf 89' lang='lat' dir='ltr'>suos</span> <span class='ocrx_word' id='word_1_26' title='bbox 863 264 1002 299; x_wconf 83' lang='lat' dir='ltr'>credere,</span> <span class='ocrx_word' id='word_1_27' title='bbox 1025 272 1085 293; x_wconf 86' lang='lat' dir='ltr'>non</span> <span class='ocrx_word' id='word_1_28' title='bbox 1099 264 1138 293; x_wconf 86' lang='lat' dir='ltr'>si-</span> <span class='ocrx_word' id='word_1_29' title='bbox 1164 266 1167 267; x_wconf 73' lang='grc'>’</span> 
     </span>
     <span class='ocr_line' id='line_1_5' title="bbox 159 302 1180 334; baseline -0.003 0"><span class='ocrx_word' id='word_1_30' title='bbox 159 305 263 334; x_wconf 83' lang='lat' dir='ltr'>mulari</span> <span class='ocrx_word' id='word_1_31' title='bbox 279 305 490 334; x_wconf 82' lang='lat' dir='ltr'>valetudinem.</span> <span class='ocrx_word' id='word_1_32' title='bbox 1176 302 1180 304; x_wconf 83' lang='lat'>&#39;</span> 
     </span>
     <span class='ocr_line' id='line_1_6' title="bbox 239 345 1168 383; baseline 0.002 -8"><span class='ocrx_word' id='word_1_33' title='bbox 239 345 305 381; x_wconf 78' lang='lat'>(30)</span> <span class='ocrx_word' id='word_1_34' title='bbox 322 347 373 383; x_wconf 84' lang='lat' dir='ltr'>lta,</span> <span class='ocrx_word' id='word_1_35' title='bbox 391 347 442 383; x_wconf 87' lang='lat' dir='ltr'>qui</span> <span class='ocrx_word' id='word_1_36' title='bbox 457 351 528 383; x_wconf 87' lang='lat' dir='ltr'>post</span> <span class='ocrx_word' id='word_1_37' title='bbox 539 347 668 376; x_wconf 77' lang='lat' dir='ltr'>Dareum</span> <span class='ocrx_word' id='word_1_38' title='bbox 682 346 791 375; x_wconf 87' lang='lat' dir='ltr'>victum</span> <span class='ocrx_word' id='word_1_39' title='bbox 804 346 916 375; x_wconf 89' lang='lat' dir='ltr'>ariolos</span> <span class='ocrx_word' id='word_1_40' title='bbox 930 350 959 375; x_wconf 87' lang='lat' dir='ltr'>et</span> <span class='ocrx_word' id='word_1_41' title='bbox 971 351 1055 376; x_wconf 83' lang='lat' dir='ltr'>vates</span> <span class='ocrx_word' id='word_1_42' title='bbox 1068 355 1138 375; x_wconf 87' lang='lat' dir='ltr'>con-</span> <span class='ocrx_word' id='word_1_43' title='bbox 1150 351 1168 377; x_wconf 88' lang='grc'>8</span> 
     </span>
     <span class='ocr_line' id='line_1_7' title="bbox 157 388 1139 424; baseline -0.001 -7"><span class='ocrx_word' id='word_1_44' title='bbox 157 389 257 417; x_wconf 87' lang='lat' dir='ltr'>sulere</span> <span class='ocrx_word' id='word_1_45' title='bbox 287 388 432 422; x_wconf 75' lang='lat' dir='ltr'>desierat,</span> <span class='ocrx_word' id='word_1_46' title='bbox 459 396 567 417; x_wconf 88' lang='lat' dir='ltr'>rursus</span> <span class='ocrx_word' id='word_1_47' title='bbox 590 389 629 417; x_wconf 85' lang='lat' dir='ltr'>ad</span> <span class='ocrx_word' id='word_1_48' title='bbox 655 388 916 424; x_wconf 69' lang='lat' dir='ltr'>superstitionem,</span> <span class='ocrx_word' id='word_1_49' title='bbox 942 388 1139 417; x_wconf 86' lang='lat' dir='ltr'>humanarum</span> 
     </span>
     <span class='ocr_line' id='line_1_8' title="bbox 156 429 1178 466; baseline 0 -8"><span class='ocrx_word' id='word_1_50' title='bbox 156 429 300 458; x_wconf 81' lang='lat' dir='ltr'>mentium</span> <span class='ocrx_word' id='word_1_51' title='bbox 315 430 452 466; x_wconf 86' lang='lat' dir='ltr'>ludibria,</span> <span class='ocrx_word' id='word_1_52' title='bbox 468 431 623 459; x_wconf 86' lang='lat' dir='ltr'>revolutus</span> <span class='ocrx_word' id='word_1_53' title='bbox 636 431 855 465; x_wconf 79' lang='lat' dir='ltr'>Aristandrum,</span> <span class='ocrx_word' id='word_1_54' title='bbox 873 429 921 458; x_wconf 87' lang='lat' dir='ltr'>cui</span> <span class='ocrx_word' id='word_1_55' title='bbox 934 429 1140 459; x_wconf 83' lang='lat' dir='ltr'>credulitatem</span> <span class='ocrx_word' id='word_1_56' title='bbox 1174 456 1178 458; x_wconf 71' lang='grc'>,</span> 
     </span>
     <span class='ocr_line' id='line_1_9' title="bbox 157 471 1139 508; baseline 0 -8"><span class='ocrx_word' id='word_1_57' title='bbox 157 479 243 500; x_wconf 86' lang='lat' dir='ltr'>suam</span> <span class='ocrx_word' id='word_1_58' title='bbox 264 471 438 506; x_wconf 79' lang='lat' dir='ltr'>addixerat,</span> <span class='ocrx_word' id='word_1_59' title='bbox 465 471 625 508; x_wconf 83' lang='lat' dir='ltr'>explorare</span> <span class='ocrx_word' id='word_1_60' title='bbox 647 476 788 501; x_wconf 86' lang='lat' dir='ltr'>eventum</span> <span class='ocrx_word' id='word_1_61' title='bbox 803 479 904 500; x_wconf 86' lang='lat' dir='ltr'>rerum</span> <span class='ocrx_word' id='word_1_62' title='bbox 920 471 1079 500; x_wconf 81' lang='lat' dir='ltr'>sacrificiis</span> <span class='ocrx_word' id='word_1_63' title='bbox 1094 471 1139 500; x_wconf 90' lang='lat' dir='ltr'>iu-</span> 
     </span>
     <span class='ocr_line' id='line_1_10' title="bbox 156 513 1138 549; baseline -0.001 -7"><span class='ocrx_word' id='word_1_64' title='bbox 156 513 215 542; x_wconf 85' lang='lat' dir='ltr'>bet.</span> <span class='ocrx_word' id='word_1_65' title='bbox 258 513 326 542; x_wconf 87' lang='lat' dir='ltr'>Mos</span> <span class='ocrx_word' id='word_1_66' title='bbox 349 517 412 542; x_wconf 79' lang='lat' dir='ltr'>erut</span> <span class='ocrx_word' id='word_1_67' title='bbox 432 513 640 549; x_wconf 83' lang='lat' dir='ltr'>aruspicibus,</span> <span class='ocrx_word' id='word_1_68' title='bbox 666 518 736 543; x_wconf 81' lang='lat' dir='ltr'>exta</span> <span class='ocrx_word' id='word_1_69' title='bbox 758 513 822 542; x_wconf 85' lang='lat' dir='ltr'>sine</span> <span class='ocrx_word' id='word_1_70' title='bbox 844 521 916 549; x_wconf 81' lang='lat' dir='ltr'>rege</span> <span class='ocrx_word' id='word_1_71' title='bbox 938 517 1078 549; x_wconf 80' lang='lat' dir='ltr'>spectare</span> <span class='ocrx_word' id='word_1_72' title='bbox 1100 517 1138 548; x_wconf 87' lang='lat' dir='ltr'>et,</span> 
     </span>
     <span class='ocr_line' id='line_1_11' title="bbox 156 554 1175 591; baseline 0.001 -8"><span class='ocrx_word' id='word_1_73' title='bbox 156 563 235 591; x_wconf 87' lang='lat' dir='ltr'>quae</span> <span class='ocrx_word' id='word_1_74' title='bbox 251 555 511 590; x_wconf 80' lang='lat' dir='ltr'>portenderentur,</span> <span class='ocrx_word' id='word_1_75' title='bbox 528 555 651 584; x_wconf 83' lang='lat' dir='ltr'>referre.</span> <span class='ocrx_word' id='word_1_76' title='bbox 697 555 776 584; x_wconf 86' lang='lat' dir='ltr'>Inter</span> <span class='ocrx_word' id='word_1_77' title='bbox 791 555 866 583; x_wconf 86' lang='lat' dir='ltr'>haec</span> <span class='ocrx_word' id='word_1_78' title='bbox 882 562 950 589; x_wconf 84' lang='lat' dir='ltr'>rex,</span> <span class='ocrx_word' id='word_1_79' title='bbox 967 555 1038 583; x_wconf 90' lang='lat' dir='ltr'>dum</span> <span class='ocrx_word' id='word_1_80' title='bbox 1054 554 1137 583; x_wconf 85' lang='lat' dir='ltr'>fibris</span> <span class='ocrx_word' id='word_1_81' title='bbox 1149 557 1175 584; x_wconf 44' lang='lat'>9*</span> 
     </span>
     <span class='ocr_line' id='line_1_12' title="bbox 157 595 1138 632; baseline -0.001 -7"><span class='ocrx_word' id='word_1_82' title='bbox 157 596 306 632; x_wconf 86' lang='lat' dir='ltr'>pecudum</span> <span class='ocrx_word' id='word_1_83' title='bbox 328 597 526 632; x_wconf 84' lang='lat' dir='ltr'>explorantur</span> <span class='ocrx_word' id='word_1_84' title='bbox 546 602 673 625; x_wconf 81' lang='lat' dir='ltr'>eventus</span> <span class='ocrx_word' id='word_1_85' title='bbox 696 596 849 625; x_wconf 84' lang='lat' dir='ltr'>latentium</span> <span class='ocrx_word' id='word_1_86' title='bbox 871 604 986 631; x_wconf 86' lang='lat' dir='ltr'>rerum,</span> <span class='ocrx_word' id='word_1_87' title='bbox 1011 595 1138 632; x_wconf 80' lang='lat' dir='ltr'>propius</span> 
     </span>
     <span class='ocr_line' id='line_1_13' title="bbox 155 637 1137 674; baseline 0 -8"><span class='ocrx_word' id='word_1_88' title='bbox 155 637 256 674; x_wconf 86' lang='lat' dir='ltr'>ipsum</span> <span class='ocrx_word' id='word_1_89' title='bbox 272 637 433 667; x_wconf 84' lang='lat' dir='ltr'>considere</span> <span class='ocrx_word' id='word_1_90' title='bbox 448 637 563 667; x_wconf 87' lang='lat' dir='ltr'>amicos</span> <span class='ocrx_word' id='word_1_91' title='bbox 579 638 676 673; x_wconf 81' lang='lat' dir='ltr'>iubet,</span> <span class='ocrx_word' id='word_1_92' title='bbox 698 646 735 666; x_wconf 88' lang='lat' dir='ltr'>ne</span> <span class='ocrx_word' id='word_1_93' title='bbox 748 637 940 667; x_wconf 84' lang='lat' dir='ltr'>contentione</span> <span class='ocrx_word' id='word_1_94' title='bbox 958 637 1042 666; x_wconf 88' lang='lat' dir='ltr'>vocis</span> <span class='ocrx_word' id='word_1_95' title='bbox 1060 637 1137 666; x_wconf 85' lang='lat' dir='ltr'>cica-</span> 
     </span>
     <span class='ocr_line' id='line_1_14' title="bbox 156 678 1137 715; baseline 0 -7"><span class='ocrx_word' id='word_1_96' title='bbox 156 678 259 708; x_wconf 82' lang='lat' dir='ltr'>tricem</span> <span class='ocrx_word' id='word_1_97' title='bbox 275 678 424 708; x_wconf 76' lang='lat' dir='ltr'>infirmam</span> <span class='ocrx_word' id='word_1_98' title='bbox 440 679 540 708; x_wconf 84' lang='lat' dir='ltr'>adime</span> <span class='ocrx_word' id='word_1_99' title='bbox 556 683 717 715; x_wconf 86' lang='lat' dir='ltr'>rumperet.</span> <span class='ocrx_word' id='word_1_100' title='bbox 737 679 933 715; x_wconf 82' lang='lat' dir='ltr'>Hephaestio,</span> <span class='ocrx_word' id='word_1_101' title='bbox 952 678 1091 708; x_wconf 67' lang='lat' dir='ltr'>Craterus</span> <span class='ocrx_word' id='word_1_102' title='bbox 1109 683 1137 708; x_wconf 80' lang='lat' dir='ltr'>et</span> 
     </span>
     <span class='ocr_line' id='line_1_15' title="bbox 155 720 1135 758; baseline 0 -9"><span class='ocrx_word' id='word_1_103' title='bbox 155 720 296 758; x_wconf 79' lang='lat' dir='ltr'>Erigyius</span> <span class='ocrx_word' id='word_1_104' title='bbox 319 725 403 749; x_wconf 80' lang='lat' dir='ltr'>erant</span> <span class='ocrx_word' id='word_1_105' title='bbox 426 729 493 750; x_wconf 88' lang='lat' dir='ltr'>cum</span> <span class='ocrx_word' id='word_1_106' title='bbox 516 720 695 750; x_wconf 83' lang='lat' dir='ltr'>custodibus</span> <span class='ocrx_word' id='word_1_107' title='bbox 712 720 740 749; x_wconf 88' lang='lat' dir='ltr'>in</span> <span class='ocrx_word' id='word_1_108' title='bbox 758 721 984 749; x_wconf 82' lang='lat' dir='ltr'>tabernaculum</span> <span class='ocrx_word' id='word_1_109' title='bbox 1000 720 1135 749; x_wconf 86' lang='lat' dir='ltr'>admissi.</span> 
     </span>
     <span class='ocr_line' id='line_1_16' title="bbox 157 762 1215 800; baseline 0.001 -9"><span class='ocrx_word' id='word_1_110' title='bbox 157 763 332 797; x_wconf 78' lang='lat' dir='ltr'>Discrimen,</span> <span class='ocrx_word' id='word_1_111' title='bbox 366 762 477 798; x_wconf 87' lang='lat' dir='ltr'>inquit,</span> <span class='ocrx_word' id='word_1_112' title='bbox 509 771 555 791; x_wconf 87' lang='lat' dir='ltr'>me</span> <span class='ocrx_word' id='word_1_113' title='bbox 579 764 733 799; x_wconf 85' lang='lat' dir='ltr'>occupavit</span> <span class='ocrx_word' id='word_1_114' title='bbox 758 763 876 791; x_wconf 84' lang='lat' dir='ltr'>meliore</span> <span class='ocrx_word' id='word_1_115' title='bbox 903 763 1025 791; x_wconf 76' lang='lat' dir='ltr'>hostium</span> <span class='ocrx_word' id='word_1_116' title='bbox 1050 767 1177 798; x_wconf 81' lang='lat' dir='ltr'>quamlo</span> <span class='ocrx_word' id='word_1_117' title='bbox 1213 796 1215 800; x_wconf 30' lang='lat'><strong>¹</strong></span> 
     </span>
     <span class='ocr_line' id='line_1_17' title="bbox 153 801 1215 840; baseline 0 -8"><span class='ocrx_word' id='word_1_118' title='bbox 153 812 215 833; x_wconf 90' lang='lat' dir='ltr'>meo</span> <span class='ocrx_word' id='word_1_119' title='bbox 227 808 362 840; x_wconf 86' lang='lat' dir='ltr'>tempore.</span> <span class='ocrx_word' id='word_1_120' title='bbox 405 805 466 833; x_wconf 84' lang='lat' dir='ltr'>Sed</span> <span class='ocrx_word' id='word_1_121' title='bbox 480 807 636 833; x_wconf 75' lang='lat' dir='ltr'>necessitas</span> <span class='ocrx_word' id='word_1_122' title='bbox 655 808 723 833; x_wconf 88' lang='lat' dir='ltr'>ante</span> <span class='ocrx_word' id='word_1_123' title='bbox 733 806 875 832; x_wconf 87' lang='lat' dir='ltr'>rationem</span> <span class='ocrx_word' id='word_1_124' title='bbox 887 807 943 839; x_wconf 83' lang='lat' dir='ltr'>est,</span> <span class='ocrx_word' id='word_1_125' title='bbox 965 805 1093 832; x_wconf 73' lang='lat' dir='ltr'>maxime</span> <span class='ocrx_word' id='word_1_126' title='bbox 1105 805 1134 832; x_wconf 80' lang='lat' dir='ltr'>in</span> <span class='ocrx_word' id='word_1_127' title='bbox 1212 801 1215 820; x_wconf 79' lang='lat'>²</span> 
     </span>
     <span class='ocr_line' id='line_1_18' title="bbox 153 845 1174 882; baseline 0 -8"><span class='ocrx_word' id='word_1_128' title='bbox 153 846 239 879; x_wconf 76' lang='lat' dir='ltr'>bello,</span> <span class='ocrx_word' id='word_1_129' title='bbox 260 853 315 882; x_wconf 82' lang='lat' dir='ltr'>quo</span> <span class='ocrx_word' id='word_1_130' title='bbox 326 854 398 874; x_wconf 86' lang='lat' dir='ltr'>raro</span> <span class='ocrx_word' id='word_1_131' title='bbox 406 847 584 881; x_wconf 72' lang='lat' dir='ltr'>permittitur</span> <span class='ocrx_word' id='word_1_132' title='bbox 600 851 731 882; x_wconf 85' lang='lat' dir='ltr'>tempora</span> <span class='ocrx_word' id='word_1_133' title='bbox 745 847 849 880; x_wconf 63' lang='lat' dir='ltr'>tepere.</span> <span class='ocrx_word' id='word_1_134' title='bbox 892 845 1035 880; x_wconf 80' lang='lat' dir='ltr'>Defecere</span> <span class='ocrx_word' id='word_1_135' title='bbox 1047 845 1133 874; x_wconf 82' lang='lat' dir='ltr'>Bac-</span> <span class='ocrx_word' id='word_1_136' title='bbox 1144 849 1174 875; x_wconf 80' lang='lat' dir='ltr'>ll</span> 
     </span>
     <span class='ocr_line' id='line_1_19' title="bbox 152 883 1213 923; baseline 0 -8"><span class='ocrx_word' id='word_1_137' title='bbox 152 889 255 921; x_wconf 76' lang='lat' dir='ltr'>triani,</span> <span class='ocrx_word' id='word_1_138' title='bbox 279 889 308 915; x_wconf 86' lang='lat' dir='ltr'>in</span> <span class='ocrx_word' id='word_1_139' title='bbox 331 895 453 923; x_wconf 80' lang='lat' dir='ltr'>quorum</span> <span class='ocrx_word' id='word_1_140' title='bbox 474 888 633 916; x_wconf 83' lang='lat' dir='ltr'>cervicibus</span> <span class='ocrx_word' id='word_1_141' title='bbox 651 890 774 921; x_wconf 78' lang='lat' dir='ltr'>stamus,</span> <span class='ocrx_word' id='word_1_142' title='bbox 793 890 832 917; x_wconf 82' lang='lat' dir='ltr'>et,</span> <span class='ocrx_word' id='word_1_143' title='bbox 851 891 991 922; x_wconf 81' lang='lat' dir='ltr'>qucmtum</span> <span class='ocrx_word' id='word_1_144' title='bbox 1008 888 1036 914; x_wconf 86' lang='lat' dir='ltr'>in</span> <span class='ocrx_word' id='word_1_145' title='bbox 1057 887 1136 915; x_wconf 82' lang='lat' dir='ltr'>nobis</span> <span class='ocrx_word' id='word_1_146' title='bbox 1211 883 1213 888; x_wconf 61' lang='lat'><strong><em>⁴</em></strong></span> 
     </span>
     <span class='ocr_line' id='line_1_20' title="bbox 152 928 1136 965; baseline -0.001 -8"><span class='ocrx_word' id='word_1_147' title='bbox 152 930 245 957; x_wconf 70' lang='lat' dir='ltr'>antini</span> <span class='ocrx_word' id='word_1_148' title='bbox 257 930 301 963; x_wconf 87' lang='lat' dir='ltr'>sit,</span> <span class='ocrx_word' id='word_1_149' title='bbox 314 930 408 957; x_wconf 79' lang='lat' dir='ltr'>alieno</span> <span class='ocrx_word' id='word_1_150' title='bbox 420 929 518 959; x_wconf 82' lang='lat' dir='ltr'>Marte</span> <span class='ocrx_word' id='word_1_151' title='bbox 530 930 733 965; x_wconf 64' lang='lat' dir='ltr'>experiuntur.</span> <span class='ocrx_word' id='word_1_152' title='bbox 757 928 848 956; x_wconf 80' lang='lat' dir='ltr'>Haud</span> <span class='ocrx_word' id='word_1_153' title='bbox 861 929 949 956; x_wconf 78' lang='lat' dir='ltr'>(lubia</span> <span class='ocrx_word' id='word_1_154' title='bbox 958 928 1083 963; x_wconf 82' lang='lat' dir='ltr'>fortuna</span> <span class='ocrx_word' id='word_1_155' title='bbox 1091 950 1098 963; x_wconf 95' lang='lat'>,</span> <span class='ocrx_word' id='word_1_156' title='bbox 1110 929 1136 956; x_wconf 87' lang='lat' dir='ltr'>si</span> 
     </span>
     <span class='ocr_line' id='line_1_21' title="bbox 151 970 1138 1006; baseline -0.001 -7"><span class='ocrx_word' id='word_1_157' title='bbox 151 971 332 999; x_wconf 85' lang='lat' dir='ltr'>omiserimus</span> <span class='ocrx_word' id='word_1_158' title='bbox 353 970 476 1006; x_wconf 75' lang='lat' dir='ltr'>Scythas</span> <span class='ocrx_word' id='word_1_159' title='bbox 502 972 577 999; x_wconf 84' lang='lat' dir='ltr'>ultro</span> <span class='ocrx_word' id='word_1_160' title='bbox 603 978 688 998; x_wconf 83' lang='lat' dir='ltr'>arma</span> <span class='ocrx_word' id='word_1_161' title='bbox 714 970 891 1004; x_wconf 86' lang='lat' dir='ltr'>inferentes:</span> <span class='ocrx_word' id='word_1_162' title='bbox 918 971 1073 1006; x_wconf 78' lang='lat' dir='ltr'>contempti</span> <span class='ocrx_word' id='word_1_163' title='bbox 1096 970 1138 998; x_wconf 84' lang='lat' dir='ltr'>ad</span> 
     </span>
     <span class='ocr_line' id='line_1_22' title="bbox 151 1010 1173 1047; baseline 0 -7"><span class='ocrx_word' id='word_1_164' title='bbox 151 1013 229 1046; x_wconf 85' lang='lat' dir='ltr'>illos,</span> <span class='ocrx_word' id='word_1_165' title='bbox 248 1013 299 1047; x_wconf 83' lang='lat' dir='ltr'>qui</span> <span class='ocrx_word' id='word_1_166' title='bbox 310 1012 495 1046; x_wconf 80' lang='lat' dir='ltr'>defecerunt,</span> <span class='ocrx_word' id='word_1_167' title='bbox 514 1016 708 1040; x_wconf 81' lang='lat' dir='ltr'>revertemur.-</span> <span class='ocrx_word' id='word_1_168' title='bbox 726 1013 753 1039; x_wconf 84' lang='lat' dir='ltr'>si</span> <span class='ocrx_word' id='word_1_169' title='bbox 764 1019 829 1039; x_wconf 73' lang='lat' dir='ltr'>uero</span> <span class='ocrx_word' id='word_1_170' title='bbox 845 1010 1173 1040; x_wconf 71' lang='lat' dir='ltr'>Tcmaimtransteri-12</span> 
     </span>
     <span class='ocr_line' id='line_1_23' title="bbox 151 1053 1133 1089; baseline 0 -8"><span class='ocrx_word' id='word_1_171' title='bbox 151 1061 214 1081; x_wconf 79' lang='lat' dir='ltr'>mus</span> <span class='ocrx_word' id='word_1_172' title='bbox 235 1056 264 1081; x_wconf 81' lang='lat' dir='ltr'>et</span> <span class='ocrx_word' id='word_1_173' title='bbox 279 1053 383 1089; x_wconf 76' lang='lat' dir='ltr'>ubique</span> <span class='ocrx_word' id='word_1_174' title='bbox 404 1055 522 1082; x_wconf 83' lang='lat' dir='ltr'>invictos</span> <span class='ocrx_word' id='word_1_175' title='bbox 538 1062 599 1082; x_wconf 87' lang='lat' dir='ltr'>esse</span> <span class='ocrx_word' id='word_1_176' title='bbox 617 1062 668 1082; x_wconf 85' lang='lat' dir='ltr'>nos</span> <span class='ocrx_word' id='word_1_177' title='bbox 679 1053 854 1089; x_wconf 74' lang='lat' dir='ltr'>Scytharum</span> <span class='ocrx_word' id='word_1_178' title='bbox 867 1054 1001 1089; x_wconf 73' lang='lat' dir='ltr'>pernicie</span> <span class='ocrx_word' id='word_1_179' title='bbox 1012 1061 1049 1081; x_wconf 85' lang='lat' dir='ltr'>ae</span> <span class='ocrx_word' id='word_1_180' title='bbox 1058 1060 1133 1081; x_wconf 82' lang='lat' dir='ltr'>san-</span> 
     </span>
     <span class='ocr_line' id='line_1_24' title="bbox 150 1094 1134 1131; baseline -0.001 -8"><span class='ocrx_word' id='word_1_181' title='bbox 150 1096 238 1131; x_wconf 67' lang='lat' dir='ltr'>quine</span> <span class='ocrx_word' id='word_1_182' title='bbox 259 1096 482 1130; x_wconf 76' lang='lat' dir='ltr'>ostenderimus,</span> <span class='ocrx_word' id='word_1_183' title='bbox 511 1097 575 1131; x_wconf 80' lang='lat' dir='ltr'>quis</span> <span class='ocrx_word' id='word_1_184' title='bbox 600 1095 740 1123; x_wconf 77' lang='lat' dir='ltr'>dubitabit</span> <span class='ocrx_word' id='word_1_185' title='bbox 755 1102 868 1130; x_wconf 81' lang='lat' dir='ltr'>parere</span> <span class='ocrx_word' id='word_1_186' title='bbox 888 1095 974 1123; x_wconf 82' lang='lat' dir='ltr'>etiam</span> <span class='ocrx_word' id='word_1_187' title='bbox 995 1094 1134 1130; x_wconf 81' lang='lat' dir='ltr'>Europae</span> 
     </span>
     <span class='ocr_line' id='line_1_25' title="bbox 150 1135 1172 1172; baseline 0.002 -8"><span class='ocrx_word' id='word_1_188' title='bbox 150 1135 325 1165; x_wconf 80' lang='lat' dir='ltr'>victoribus?</span> <span class='ocrx_word' id='word_1_189' title='bbox 350 1137 491 1171; x_wconf 82' lang='lat' dir='ltr'>Fallitur,</span> <span class='ocrx_word' id='word_1_190' title='bbox 516 1138 566 1172; x_wconf 85' lang='lat' dir='ltr'>qui</span> <span class='ocrx_word' id='word_1_191' title='bbox 587 1138 722 1165; x_wconf 82' lang='lat' dir='ltr'>terminos</span> <span class='ocrx_word' id='word_1_192' title='bbox 741 1137 857 1171; x_wconf 71' lang='lat' dir='ltr'>qtoriae</span> <span class='ocrx_word' id='word_1_193' title='bbox 878 1139 995 1164; x_wconf 84' lang='lat' dir='ltr'>nostrae</span> <span class='ocrx_word' id='word_1_194' title='bbox 1018 1137 1133 1165; x_wconf 87' lang='lat' dir='ltr'>metitur</span> <span class='ocrx_word' id='word_1_195' title='bbox 1141 1139 1172 1166; x_wconf 75' lang='lat'>13</span> 
     </span>
     <span class='ocr_line' id='line_1_26' title="bbox 148 1174 1215 1214; baseline 0 -8"><span class='ocrx_word' id='word_1_196' title='bbox 148 1179 257 1214; x_wconf 80' lang='lat' dir='ltr'>spatio,</span> <span class='ocrx_word' id='word_1_197' title='bbox 280 1178 359 1214; x_wconf 78' lang='lat' dir='ltr'>q&#39;uod</span> <span class='ocrx_word' id='word_1_198' title='bbox 375 1179 531 1206; x_wconf 85' lang='lat' dir='ltr'>transituri</span> <span class='ocrx_word' id='word_1_199' title='bbox 546 1186 653 1207; x_wconf 89' lang='lat' dir='ltr'>sumus.</span> <span class='ocrx_word' id='word_1_200' title='bbox 681 1178 757 1206; x_wconf 83' lang='lat' dir='ltr'>Unus</span> <span class='ocrx_word' id='word_1_201' title='bbox 769 1179 863 1206; x_wconf 85' lang='lat' dir='ltr'>amnis</span> <span class='ocrx_word' id='word_1_202' title='bbox 877 1178 1029 1213; x_wconf 76' lang='lat' dir='ltr'>interfluit,</span> <span class='ocrx_word' id='word_1_203' title='bbox 1050 1185 1134 1213; x_wconf 83' lang='lat' dir='ltr'>quem</span> <span class='ocrx_word' id='word_1_204' title='bbox 1209 1174 1215 1184; x_wconf 56' lang='lat'>⁸</span> 
     </span>
     <span class='ocr_line' id='line_1_27' title="bbox 148 1219 1171 1256; baseline 0 -9"><span class='ocrx_word' id='word_1_205' title='bbox 148 1221 176 1248; x_wconf 80' lang='lat' dir='ltr'>si</span> <span class='ocrx_word' id='word_1_206' title='bbox 195 1221 371 1253; x_wconf 83' lang='lat' dir='ltr'>traiicimus,</span> <span class='ocrx_word' id='word_1_207' title='bbox 399 1221 429 1248; x_wconf 87' lang='lat' dir='ltr'>in</span> <span class='ocrx_word' id='word_1_208' title='bbox 448 1219 600 1256; x_wconf 81' lang='lat' dir='ltr'>Europam</span> <span class='ocrx_word' id='word_1_209' title='bbox 627 1228 713 1248; x_wconf 87' lang='lat' dir='ltr'>arma</span> <span class='ocrx_word' id='word_1_210' title='bbox 739 1219 928 1255; x_wconf 81' lang='lat' dir='ltr'>proferimus.</span> <span class='ocrx_word' id='word_1_211' title='bbox 970 1219 1009 1247; x_wconf 82' lang='lat' dir='ltr'>Et</span> <span class='ocrx_word' id='word_1_212' title='bbox 1032 1220 1135 1255; x_wconf 80' lang='lat' dir='ltr'>quanti</span> <span class='ocrx_word' id='word_1_213' title='bbox 1141 1222 1171 1248; x_wconf 74' lang='lat'>14</span> 
     </span>
     <span class='ocr_line' id='line_1_28' title="bbox 149 1260 1158 1296; baseline -0.001 -7"><span class='ocrx_word' id='word_1_214' title='bbox 149 1261 362 1289; x_wconf 82' lang='lat' dir='ltr'>aestimandum</span> <span class='ocrx_word' id='word_1_215' title='bbox 383 1264 437 1296; x_wconf 86' lang='lat' dir='ltr'>est,</span> <span class='ocrx_word' id='word_1_216' title='bbox 462 1261 529 1289; x_wconf 85' lang='lat' dir='ltr'>dum</span> <span class='ocrx_word' id='word_1_217' title='bbox 549 1261 648 1289; x_wconf 80' lang='lat' dir='ltr'>Asiam</span> <span class='ocrx_word' id='word_1_218' title='bbox 671 1261 840 1296; x_wconf 64' lang='lat' dir='ltr'>summutas,</span> <span class='ocrx_word' id='word_1_219' title='bbox 865 1262 895 1288; x_wconf 87' lang='lat' dir='ltr'>in</span> <span class='ocrx_word' id='word_1_220' title='bbox 907 1262 966 1289; x_wconf 85' lang='lat' dir='ltr'>alio</span> <span class='ocrx_word' id='word_1_221' title='bbox 987 1260 1132 1296; x_wconf 84' lang='lat' dir='ltr'>quodam-</span> <span class='ocrx_word' id='word_1_222' title='bbox 1153 1273 1158 1276; x_wconf 88' lang='lat'>·</span> 
     </span>
     <span class='ocr_line' id='line_1_29' title="bbox 148 1302 1134 1338; baseline -0.001 -7"><span class='ocrx_word' id='word_1_223' title='bbox 148 1303 232 1331; x_wconf 83' lang='lat' dir='ltr'>modo</span> <span class='ocrx_word' id='word_1_224' title='bbox 253 1302 322 1331; x_wconf 85' lang='lat' dir='ltr'>orbe</span> <span class='ocrx_word' id='word_1_225' title='bbox 342 1305 464 1338; x_wconf 84' lang='lat' dir='ltr'>tropaea</span> <span class='ocrx_word' id='word_1_226' title='bbox 486 1306 612 1331; x_wconf 81' lang='lat' dir='ltr'>statuere</span> <span class='ocrx_word' id='word_1_227' title='bbox 633 1305 673 1336; x_wconf 86' lang='lat' dir='ltr'>et,</span> <span class='ocrx_word' id='word_1_228' title='bbox 702 1310 778 1338; x_wconf 82' lang='lat' dir='ltr'>quae</span> <span class='ocrx_word' id='word_1_229' title='bbox 799 1305 858 1330; x_wconf 90' lang='lat' dir='ltr'>tam</span> <span class='ocrx_word' id='word_1_230' title='bbox 876 1304 961 1337; x_wconf 74' lang='lat' dir='ltr'>lonqo</span> <span class='ocrx_word' id='word_1_231' title='bbox 983 1303 1134 1330; x_wconf 82' lang='lat' dir='ltr'>intervallo</span> 
     </span>
     <span class='ocr_line' id='line_1_30' title="bbox 149 1341 1215 1386; baseline -0.001 -14"><span class='ocrx_word' id='word_1_232' title='bbox 149 1348 258 1372; x_wconf 80' lang='lat' dir='ltr'>natura</span> <span class='ocrx_word' id='word_1_233' title='bbox 281 1344 394 1372; x_wconf 80' lang='lat' dir='ltr'>videtur</span> <span class='ocrx_word' id='word_1_234' title='bbox 416 1345 579 1379; x_wconf 81' lang='lat' dir='ltr'>diremisse,</span> <span class='ocrx_word' id='word_1_235' title='bbox 602 1352 661 1372; x_wconf 87' lang='lat' dir='ltr'>una</span> <span class='ocrx_word' id='word_1_236' title='bbox 685 1345 805 1372; x_wconf 82' lang='lat' dir='ltr'>victoria</span> <span class='ocrx_word' id='word_1_237' title='bbox 826 1344 917 1372; x_wconf 83' lang='lat' dir='ltr'>subito</span> <span class='ocrx_word' id='word_1_238' title='bbox 937 1341 1132 1372; x_wconf 78' lang='lat' dir='ltr'>committere?</span> <span class='ocrx_word' id='word_1_239' title='bbox 1158 1359 1162 1362; x_wconf 61' lang='grc'><strong>«</strong></span> <span class='ocrx_word' id='word_1_240' title='bbox 1207 1376 1215 1386; x_wconf 36' lang='grc' dir='ltr'><strong>μ</strong></span> 
     </span>
     <span class='ocr_line' id='line_1_31' title="bbox 149 1386 1214 1421; baseline -0.001 -7"><span class='ocrx_word' id='word_1_241' title='bbox 149 1386 187 1414; x_wconf 85' lang='lat' dir='ltr'>At</span> <span class='ocrx_word' id='word_1_242' title='bbox 211 1386 342 1420; x_wconf 65' lang='lat' dir='ltr'>tter-cute,</span> <span class='ocrx_word' id='word_1_243' title='bbox 375 1386 402 1414; x_wconf 79' lang='lat' dir='ltr'>si</span> <span class='ocrx_word' id='word_1_244' title='bbox 424 1386 578 1421; x_wconf 86' lang='lat' dir='ltr'>paulutum</span> <span class='ocrx_word' id='word_1_245' title='bbox 603 1386 824 1419; x_wconf 76' lang='lat' dir='ltr'>cessaverimus,</span> <span class='ocrx_word' id='word_1_246' title='bbox 860 1386 889 1413; x_wconf 84' lang='lat' dir='ltr'>in</span> <span class='ocrx_word' id='word_1_247' title='bbox 914 1386 1004 1420; x_wconf 72' lang='lat' dir='ltr'>terffl‘s</span> <span class='ocrx_word' id='word_1_248' title='bbox 1028 1386 1169 1413; x_wconf 76' lang='lat' dir='ltr'>nostris15</span> <span class='ocrx_word' id='word_1_249' title='bbox 1207 1392 1214 1401; x_wconf 65' lang='lat'>*⁴</span> 
     </span>
     <span class='ocr_line' id='line_1_32' title="bbox 149 1427 1149 1464; baseline -0.002 -8"><span class='ocrx_word' id='word_1_250' title='bbox 149 1427 275 1464; x_wconf 76' lang='lat' dir='ltr'>Scythae</span> <span class='ocrx_word' id='word_1_251' title='bbox 295 1427 463 1455; x_wconf 75' lang='lat' dir='ltr'>haerebunt.</span> <span class='ocrx_word' id='word_1_252' title='bbox 486 1427 531 1455; x_wconf 81' lang='lat' dir='ltr'>An</span> <span class='ocrx_word' id='word_1_253' title='bbox 552 1428 607 1455; x_wconf 74' lang='lat' dir='ltr'>soli</span> <span class='ocrx_word' id='word_1_254' title='bbox 626 1435 738 1461; x_wconf 69' lang='lat' dir='ltr'>summ,</span> <span class='ocrx_word' id='word_1_255' title='bbox 760 1427 812 1462; x_wconf 76' lang='lat' dir='ltr'>qui</span> <span class='ocrx_word' id='word_1_256' title='bbox 829 1427 953 1462; x_wconf 72' lang='lat' dir='ltr'>flumina</span> <span class='ocrx_word' id='word_1_257' title='bbox 973 1429 1149 1458; x_wconf 72' lang='lat' dir='ltr'>transnare,</span> 
     </span>
     <span class='ocr_line' id='line_1_33' title="bbox 146 1466 1158 1505; baseline -0.002 -7"><span class='ocrx_word' id='word_1_258' title='bbox 146 1466 321 1505; x_wconf 83' lang='lat' dir='ltr'>possumus?</span> <span class='ocrx_word' id='word_1_259' title='bbox 338 1468 434 1497; x_wconf 86' lang='lat' dir='ltr'>Multa</span> <span class='ocrx_word' id='word_1_260' title='bbox 445 1470 475 1497; x_wconf 88' lang='lat' dir='ltr'>in</span> <span class='ocrx_word' id='word_1_261' title='bbox 488 1470 672 1504; x_wconf 76' lang='lat' dir='ltr'>nosmetipsos</span> <span class='ocrx_word' id='word_1_262' title='bbox 683 1468 821 1502; x_wconf 80' lang='lat' dir='ltr'>recident,</span> <span class='ocrx_word' id='word_1_263' title='bbox 834 1468 936 1503; x_wconf 82' lang='lat' dir='ltr'>quibus</span> <span class='ocrx_word' id='word_1_264' title='bbox 947 1467 1047 1496; x_wconf 77' lang='lat' dir='ltr'>adhuc</span> <span class='ocrx_word' id='word_1_265' title='bbox 1057 1468 1130 1496; x_wconf 82' lang='lat' dir='ltr'>vici-</span> <span class='ocrx_word' id='word_1_266' title='bbox 1156 1481 1158 1483; x_wconf 97' lang='lat'>·</span> 
     </span>
     <span class='ocr_line' id='line_1_34' title="bbox 147 1509 1213 1546; baseline -0.002 -7"><span class='ocrx_word' id='word_1_267' title='bbox 147 1519 220 1539; x_wconf 82' lang='lat' dir='ltr'>mus.</span> <span class='ocrx_word' id='word_1_268' title='bbox 235 1511 367 1539; x_wconf 82' lang='lat' dir='ltr'>Fortuna</span> <span class='ocrx_word' id='word_1_269' title='bbox 378 1511 446 1539; x_wconf 86' lang='lat' dir='ltr'>belli</span> <span class='ocrx_word' id='word_1_270' title='bbox 455 1513 547 1538; x_wconf 88' lang='lat' dir='ltr'>artem</span> <span class='ocrx_word' id='word_1_271' title='bbox 559 1511 647 1538; x_wconf 82' lang='lat' dir='ltr'>victos</span> <span class='ocrx_word' id='word_1_272' title='bbox 659 1518 770 1546; x_wconf 81' lang='lat' dir='ltr'>quoque</span> <span class='ocrx_word' id='word_1_273' title='bbox 782 1510 872 1538; x_wconf 83' lang='lat' dir='ltr'>docet.</span> <span class='ocrx_word' id='word_1_274' title='bbox 889 1509 1007 1538; x_wconf 87' lang='lat' dir='ltr'>Utribus</span> <span class='ocrx_word' id='word_1_275' title='bbox 1018 1516 1129 1537; x_wconf 84' lang='lat' dir='ltr'>amnem</span> <span class='ocrx_word' id='word_1_276' title='bbox 1140 1511 1168 1537; x_wconf 84' lang='lat'>16</span> <span class='ocrx_word' id='word_1_277' title='bbox 1211 1542 1213 1545; x_wconf 34' lang='grc'><strong>,</strong></span> 
     </span>
     <span class='ocr_line' id='line_1_35' title="bbox 147 1550 1131 1587; baseline -0.002 -7"><span class='ocrx_word' id='word_1_278' title='bbox 147 1552 318 1581; x_wconf 83' lang='lat' dir='ltr'>traiieiena’i</span> <span class='ocrx_word' id='word_1_279' title='bbox 327 1553 492 1587; x_wconf 74' lang='lat' dir='ltr'>exemplum</span> <span class='ocrx_word' id='word_1_280' title='bbox 501 1551 628 1586; x_wconf 83' lang='lat' dir='ltr'>fecimus</span> <span class='ocrx_word' id='word_1_281' title='bbox 639 1560 734 1587; x_wconf 81' lang='lat' dir='ltr'>nuper</span> <span class='ocrx_word' id='word_1_282' title='bbox 742 1561 751 1579; x_wconf 90' lang='grc'>.·</span> <span class='ocrx_word' id='word_1_283' title='bbox 766 1551 827 1585; x_wconf 80' lang='lat' dir='ltr'>hoe,</span> <span class='ocrx_word' id='word_1_284' title='bbox 842 1554 873 1579; x_wconf 82' lang='lat' dir='ltr'>ut</span> <span class='ocrx_word' id='word_1_285' title='bbox 886 1550 1011 1587; x_wconf 75' lang='lat' dir='ltr'>Scythae</span> <span class='ocrx_word' id='word_1_286' title='bbox 1022 1551 1131 1579; x_wconf 87' lang='lat' dir='ltr'>imitari</span> 
     </span>
     <span class='ocr_line' id='line_1_36' title="bbox 146 1592 1164 1628; baseline -0.002 -6"><span class='ocrx_word' id='word_1_287' title='bbox 146 1595 293 1628; x_wconf 85' lang='lat' dir='ltr'>nesciant,</span> <span class='ocrx_word' id='word_1_288' title='bbox 316 1593 475 1622; x_wconf 76' lang='lat' dir='ltr'>Bactriani</span> <span class='ocrx_word' id='word_1_289' title='bbox 490 1593 639 1622; x_wconf 80' lang='lat' dir='ltr'>docebunt.</span> <span class='ocrx_word' id='word_1_290' title='bbox 670 1593 826 1621; x_wconf 84' lang='lat' dir='ltr'>Praeterea</span> <span class='ocrx_word' id='word_1_291' title='bbox 843 1600 918 1620; x_wconf 87' lang='lat' dir='ltr'>unus</span> <span class='ocrx_word' id='word_1_292' title='bbox 933 1593 1028 1627; x_wconf 63' lang='lat' dir='ltr'>=uentis</span> <span class='ocrx_word' id='word_1_293' title='bbox 1044 1592 1164 1620; x_wconf 71' lang='lat' dir='ltr'>huiusi?</span> 
     </span>
     <span class='ocr_line' id='line_1_37' title="bbox 146 1633 1128 1671; baseline -0.003 -7"><span class='ocrx_word' id='word_1_294' title='bbox 146 1636 293 1664; x_wconf 76' lang='lat' dir='ltr'>exereitus</span> <span class='ocrx_word' id='word_1_295' title='bbox 305 1635 405 1664; x_wconf 79' lang='lat' dir='ltr'>adhuc</span> <span class='ocrx_word' id='word_1_296' title='bbox 416 1636 499 1670; x_wconf 81' lang='lat' dir='ltr'>venit,</span> <span class='ocrx_word' id='word_1_297' title='bbox 515 1636 605 1664; x_wconf 82' lang='lat' dir='ltr'>ceteri</span> <span class='ocrx_word' id='word_1_298' title='bbox 615 1638 816 1671; x_wconf 69' lang='lat' dir='ltr'>expectantur.</span> <span class='ocrx_word' id='word_1_299' title='bbox 838 1634 885 1662; x_wconf 82' lang='lat' dir='ltr'>Ila</span> <span class='ocrx_word' id='word_1_300' title='bbox 897 1634 1001 1662; x_wconf 85' lang='lat' dir='ltr'>bellum</span> <span class='ocrx_word' id='word_1_301' title='bbox 1012 1633 1128 1662; x_wconf 82' lang='lat' dir='ltr'>vitando</span> 
     </span>
     <span class='ocr_line' id='line_1_38' title="bbox 145 1674 1165 1713; baseline -0.004 -8"><span class='ocrx_word' id='word_1_302' title='bbox 145 1678 258 1705; x_wconf 81' lang='lat' dir='ltr'>alemus</span> <span class='ocrx_word' id='word_1_303' title='bbox 268 1679 309 1711; x_wconf 83' lang='lat' dir='ltr'>et,</span> <span class='ocrx_word' id='word_1_304' title='bbox 330 1677 409 1712; x_wconf 84' lang='lat' dir='ltr'>quod</span> <span class='ocrx_word' id='word_1_305' title='bbox 417 1676 532 1711; x_wconf 87' lang='lat' dir='ltr'>inferre</span> <span class='ocrx_word' id='word_1_306' title='bbox 540 1684 710 1713; x_wconf 81' lang='lat' dir='ltr'>possumus,</span> <span class='ocrx_word' id='word_1_307' title='bbox 733 1677 868 1711; x_wconf 86' lang='lat' dir='ltr'>accipere</span> <span class='ocrx_word' id='word_1_308' title='bbox 879 1682 1023 1710; x_wconf 73' lang='lat' dir='ltr'>coqemur.</span> <span class='ocrx_word' id='word_1_309' title='bbox 1055 1674 1128 1702; x_wconf 84' lang='lat' dir='ltr'>Ma-</span> <span class='ocrx_word' id='word_1_310' title='bbox 1138 1675 1165 1702; x_wconf 75' lang='lat'>15</span> 
     </span>
     <span class='ocr_line' id='line_1_39' title="bbox 144 1715 1129 1753; baseline -0.004 -6"><span class='ocrx_word' id='word_1_311' title='bbox 144 1718 254 1751; x_wconf 75' lang='lat' dir='ltr'>utfesta</span> <span class='ocrx_word' id='word_1_312' title='bbox 274 1722 315 1746; x_wconf 86' lang='lat' dir='ltr'>est</span> <span class='ocrx_word' id='word_1_313' title='bbox 336 1719 452 1746; x_wconf 85' lang='lat' dir='ltr'>consilii</span> <span class='ocrx_word' id='word_1_314' title='bbox 473 1719 530 1747; x_wconf 90' lang='lat' dir='ltr'>mei</span> <span class='ocrx_word' id='word_1_315' title='bbox 548 1719 633 1746; x_wconf 83' lang='lat' dir='ltr'>ratio.</span> <span class='ocrx_word' id='word_1_316' title='bbox 666 1717 726 1746; x_wconf 84' lang='lat' dir='ltr'>Sed</span> <span class='ocrx_word' id='word_1_317' title='bbox 735 1725 774 1745; x_wconf 89' lang='lat' dir='ltr'>an</span> <span class='ocrx_word' id='word_1_318' title='bbox 794 1717 968 1753; x_wconf 82' lang='lat' dir='ltr'>permissuri</span> <span class='ocrx_word' id='word_1_319' title='bbox 982 1716 1041 1744; x_wconf 87' lang='lat' dir='ltr'>sint</span> <span class='ocrx_word' id='word_1_320' title='bbox 1058 1715 1129 1744; x_wconf 80' lang='lat' dir='ltr'>mihi</span> 
     </span>
    </p>
   </div>
   <div class='ocr_carea' id='block_1_3' title="bbox 1174 0 1211 1905">
    <p class='ocr_par' dir='ltr' id='par_1_3' title="bbox 1174 0 1211 1905">
     <span class='ocr_line' id='line_1_40' title="bbox 1174 0 1211 1905; baseline 0 -1368"><span class='ocrx_word' id='word_1_321' title='bbox 1174 0 1211 1905; x_wconf 95' lang='lat' dir='ltr'>   </span> 
     </span>
    </p>
   </div>
  </div>
 </body>
</html>
