1215 1895
142 84 185 115 90
481 85 514 120 Q.
537 84 693 114 CURTII
715 85 823 115 RUFI

143 160 264 195 fossae„
285 157 423 195 pluribus
440 158 516 189 locis
533 159 685 195 obiectae,
710 160 894 197 abruperant
908 160 979 198 iter,
1001 161 1129 192 sensim—

143 209 204 238 que
219 204 249 229 et
263 204 351 229 caute
367 200 624 237 progrediendum
641 205 718 236 erat,
741 200 800 230 iam
822 210 882 231 non
903 202 1049 239 hostium,
1073 203 1128 233 sed

142 243 278 271 locorum
295 242 400 271 fraude
413 246 569 279 suspecta.
592 242 771 273 Procedenti
787 243 815 272 ei
830 243 946 273 litterae
961 245 1128 275 redduntur
1139 249 1156 274 2

142 283 307 319 aTiridate,
323 284 451 313 custode
467 284 616 320 pecuniae
628 284 739 321 regiae,
756 284 935 321 indicantes,
953 294 1016 320 eos,
1035 286 1085 323 qui
1097 286 1127 315 in

142 325 217 354 urbe
238 329 356 360 essent,
380 325 483 355 audito
505 325 572 355 eius
594 327 741 360 adventu,
765 326 897 363 diripere
912 327 991 356 velle
1007 327 1127 357 thesau-

140 375 193 396 ros
210 366 370 396 dimissos:
394 371 573 403 properaret
595 375 762 404 occupare:
785 368 961 405 expeditum
977 368 1033 398 iter
1047 377 1127 404 esse,

142 416 327 445 quamquam
336 409 455 438 Araxes
468 408 565 438 amnis
578 409 739 439 interfluat.
761 409 879 439 Nullam
891 410 1031 440 virtutem
1046 409 1127 447 regis
1139 414 1157 440 3

140 449 229 479 istius
252 449 349 486 magis
371 458 462 486 quam
484 450 666 480 celeritatem
688 451 885 481 laudaverim.
926 451 1052 481 Relictis
1074 460 1127 488 pc-

138 490 294 521 destribus
316 491 430 528 copiis,
453 495 514 521 tota
536 496 625 522 nocte
647 501 714 522 cum
737 492 889 529 equitibus
911 493 1026 523 itineris
1043 497 1125 523 tanto

141 531 240 569 spatio
258 532 388 568 fatigatis
404 533 443 562 ad
459 535 580 562 Araxen
596 533 692 570 prima
707 535 775 563 luce
791 534 939 571 pervenit.
962 533 1030 564 Vici
1043 539 1158 565 erant4

140 574 170 603 in
192 573 382 611 propinquo:
406 574 516 611 quibus
538 575 644 604 dirutis
667 580 791 612 pontem
812 584 849 605 ex
871 575 996 605 materia
1012 584 1126 612 eorum,
1173 600 1176 602 .

141 615 271 645 subditis
287 615 380 649 saxis.
398 620 521 645 strenue
537 616 664 647 induxit.

223 658 347 693 Iamque
363 657 444 686 haud
459 658 567 694 procul
579 658 654 687 urbe
667 662 761 695 erant,
778 667 870 695 quum
886 658 1058 688 miserabile
1073 667 1123 696 ag-
1137 665 1153 689 5

139 706 218 733 men,
234 697 311 727 inter
326 706 425 734 pauca
438 699 576 728 fortunae
588 700 729 736 exempla
741 701 978 735 memorandum,
995 700 1058 737 regi
1075 708 1124 730 oc-

140 739 241 769 currit.
282 739 399 776 Captivi
415 744 500 769 erant
515 740 676 776 Gracci,ad
692 746 833 777 quattuor
848 741 929 771 milia
946 742 1023 777 sere,
1046 750 1125 778 quos

138 781 250 810 Persae
263 781 346 810 vario
360 781 581 817 suppliciorum
593 783 684 811 modo
697 782 876 812 affecerant:
892 782 970 812 alios
983 783 1123 819 pedibuS‚
1136 787 1153 814 6

139 823 291 859 quosdam
306 822 445 852 manibus
458 823 645 860 auribusque
657 824 819 860 amputatis
832 824 1004 861 inustisque
1016 824 1125 853 barba-

137 872 238 893 rarum
254 864 417 893 litterarum
432 864 513 894 notis
528 864 557 894 in
574 866 697 901 longum
713 864 760 894 sui
773 865 934 895 ludibrium
945 874 1124 895 reservam<

136 909 220 935 rant:
236 909 266 935 et
298 915 391 942 quum
407 914 441 935 se
455 914 579 943 quoque
594 906 712 935 alienae
728 906 851 936 ditionis
867 915 939 936 esse
954 911 1122 942 cernerent,

137 947 276 976 volentes
297 947 361 984 regi
384 955 545 978 occurrere
564 956 626 977 non
642 947 869 984 prohibuerant.
915 947 1070 978 Invisitata
1085 947 1123 977 si—
1135 951 1151 979 7

138 989 285 1024 mulacra,
308 997 369 1018 non
390 989 529 1019 homines
551 989 745 1023 videbantur,
768 997 824 1018 nec
841 988 1004 1026 quicquam
1019 989 1049 1018 in
1065 989 1124 1019 illis

139 1033 259 1067 praeter
284 1038 392 1060 vocem
418 1034 538 1067 poterat
562 1030 698 1067 agnosci.
742 1030 846 1060 Plures
872 1030 962 1067 igitur
983 1030 1123 1060 lacrimas

139 1079 341 1106 commovere,
359 1080 449 1108 quam
465 1073 664 1108 profuderant
678 1071 752 1108 ipsi:
776 1072 890 1109 quippe
906 1072 935 1101 in
951 1076 1010 1102 tam
1025 1073 1122 1102 multi-

139 1112 210 1149 plici
227 1113 373 1149 variaque
389 1114 509 1143 l'ortuna
524 1113 712 1151 singulorum
727 1113 912 1143 intuentibus
929 1113 1043 1143 similes
1058 1113 1109 1150 qui

138 1155 217 1189 dein,
234 1155 290 1183 sed
305 1158 405 1184 tamen
417 1156 557 1192 dispares
570 1163 696 1192 poenas,
715 1154 783 1191 quis
796 1155 925 1184 maxime
942 1154 1123 1184 miserabilis

138 1200 230 1230 esset,
244 1196 362 1232 liquere
372 1204 432 1225 non
446 1201 573 1233 poterat.
589 1197 628 1226 Ut
639 1205 712 1226 vero
726 1197 828 1226 Iovem
840 1196 882 1226 illi
895 1196 1122 1233 tandem,Grae-
1134 1201 1152 1227 8

139 1236 204 1266 ciae
220 1238 358 1273 ultorem,
373 1237 534 1274 aperuisse
551 1239 656 1267 oculos
673 1238 918 1272 conclamavere,
935 1246 1041 1267 omnes
1056 1237 1123 1274 pari

138 1278 290 1315 supplicio
303 1278 404 1308 affecti
416 1278 474 1308 sibi
488 1278 674 1308 videbantur.
698 1280 773 1314 Rex,
787 1279 943 1314 abstersis,
963 1287 1039 1315 quas
1052 1287 1121 1316 pro-
1141 1309 1146 1312 ,

138 1320 270 1354 suderat,
294 1320 439 1356 lacrimis,
461 1321 574 1350 bonum
595 1321 707 1350 habere
729 1321 859 1350 animum
881 1320 976 1355 iubet,
1000 1321 1122 1350 visuros

139 1361 228 1390 urbes
245 1370 317 1391 suas
334 1361 559 1399 coniugesque:
573 1366 602 1391 et
615 1366 715 1392 castra
727 1362 798 1391 inde
811 1363 871 1392 duo
884 1363 922 1391 ab
936 1363 1008 1391 urbe
1022 1361 1120 1391 stadia

136 1404 310 1432 communit.

221 1444 288 1481 (18)
310 1444 418 1474 Graeci
433 1450 631 1474 excesserant
648 1446 741 1479 vallo,
759 1445 961 1474 deliberaturi.
980 1444 1053 1481 quid
1068 1453 1120 1481 po<
1134 1449 1150 1474 9

137 1485 286 1515 tissimum
308 1494 326 1515 a
346 1494 418 1523 rege
439 1490 590 1523 peterent:
617 1494 771 1523 quumque
794 1486 860 1515 aliis
883 1487 987 1515 sedem
1002 1486 1031 1514 in
1047 1486 1122 1514 Asia

135 1535 260 1563 rogare,
281 1526 348 1556 aliis
364 1528 473 1557 reverti
496 1528 604 1557 domos
620 1529 767 1564 placeret,
789 1528 955 1557 Euctemon
973 1527 1123 1565 Cymaeus

135 1567 176 1596 ita
191 1568 311 1597 locutus
327 1568 366 1598 ad
382 1577 436 1598 eos
454 1570 561 1598 fertur:
577 1569 618 1604 Ii,
638 1571 691 1606 qui
705 1570 789 1599 modo
805 1570 892 1598 etiam
912 1570 954 1597 ad
970 1577 1052 1605 opem
1060 1577 1120 1605 pe-
1131 1572 1166 1598 10
1210 1605 1213 1614 y

135 1609 253 1638 tendam
264 1619 304 1639 ex
315 1611 440 1640 tenebris
451 1614 479 1640 et
490 1618 613 1641 carcere
622 1612 784 1647 procedere
794 1611 975 1645 erubuimus,
995 1613 1026 1639 ut
1042 1619 1121 1639 nunc

134 1654 185 1686 est,
197 1653 344 1687 supplicia
355 1655 471 1687 nostra,
484 1661 606 1688 quorum
618 1660 670 1681 nos
676 1653 792 1689 pudeat
801 1652 903 1688 maqis,
916 1660 955 1680 an
962 1653 1120 1688 poeniteat,

134 1693 277 1722 incertum
295 1696 349 1729 ese,
372 1697 518 1723 ostentare
537 1695 681 1723 Graeciae
699 1696 775 1723 velut
791 1695 898 1722 lactum
921 1695 1120 1730 spectaculum
