1215 1895
119 45 159 77 70
462 47 496 82 Q.
519 47 675 76 CURTII
697 47 807 78 RUFI

115 131 208 152 curru
220 122 308 151 vehor
319 131 373 151 uec
385 130 496 158 recuso,
514 130 570 159 quo
588 123 682 152 minus
700 123 851 153 imitemini
864 132 917 160 me,
936 125 995 154 sive
1008 125 1104 160 forti-

115 164 225 193 tudinis
242 165 408 198 exemptum
436 165 494 193 sive
512 165 649 200 iqnaviae
663 164 761 200 fuero.

539 231 560 260 C
567 230 632 259 AP.
658 231 723 260 XV.

194 288 262 324 (56)
288 288 407 317 Interim
422 289 604 324 Alexander,
620 293 698 318 utet
713 290 950 319 demonstratum
998 299 1071 320 A.331
1116 298 1127 322 1
1169 328 1173 330 .

114 340 132 360 a
147 330 303 367 transfuga
317 329 495 360 insidiarum
507 331 608 360 locum
621 330 791 361 circumiret
801 335 830 361 et
841 332 949 368 Dareo,
966 324 1102 369 ‚2²31‚⁰*5‘g.g¹;‚

115 371 166 408 qui
182 380 276 402 cornu
292 372 446 408 tuebatur,
463 378 650 408 occurreret,
667 381 774 410 agmen
791 373 949 410 obliquum
967 374 1002 394 0¹-
1019 375 1062 398 112,
1081 375 1101 394 ²·

112 414 256 444 incedere
280 413 372 443 iubet.
421 415 537 444 Dareus
565 422 689 451 quoque
715 415 824 445 eodem
851 424 939 445 suum
965 414 1131 451 obvertit‚2
1166 410 1176 413 ⁴

110 456 208 485 Besso
226 455 389 492 admonito,
405 460 438 485 ut
449 455 639 492 Massagetas
656 456 774 494 equites
789 455 820 486 in
835 457 955 487 laevum
969 457 1102 486 Alexan-

112 497 157 526 dri
173 506 268 527 cornu
283 497 323 536 [a]
339 498 432 527 latere
447 497 548 527 invehi
568 497 694 528 iuberet.
737 499 808 535 Ipse
831 502 901 529 ante
924 507 958 529 se
973 499 1101 528 falcatos
1114 504 1130 530 3

111 547 218 568 currus
234 539 378 575 habebat,
402 547 480 576 quos
503 539 590 576 signo
613 540 683 570 dato
701 540 863 570 universos
878 540 908 570 in
923 540 1043 570 hostem
1058 541 1100 570 ef-

111 581 195 610 fudit.
231 581 371 611 Ruebant
386 580 495 610 laxatis
511 581 637 612 habenis
653 582 792 619 aurigae,
811 591 872 619 quo
889 583 1008 619 plures,
1025 590 1100 611 non-

109 623 182 652 dum
197 622 270 652 satis
287 622 413 659 proviso
429 622 553 660 impetu,
576 624 757 653 obtererent.
793 623 879 653 Alios
899 632 972 661 ergo
994 624 1101 654 hastae
1113 629 1130 655 4

109 665 233 693 multum
249 665 325 693 ultra
339 668 490 694 temonem
507 664 691 701 eminentes,
713 665 790 695 alios
807 666 844 694 ab
860 669 992 702 utroque
1006 666 1100 696 latere

109 705 254 735 dimissae
272 706 365 735 falces
381 707 565 736 lucei-avere.
601 707 663 737 Nec
679 707 793 737 sensim
807 707 993 737 Macedones
1010 708 1100 737 cede-

108 748 195 783 bant,
212 748 267 777 sed
283 748 381 777 effusa
398 748 468 784 fuga
484 749 678 779 turbaverant
693 749 826 778 ordines.
862 749 1006 779 Mazaeus
1024 757 1099 786 quo·
1111 755 1128 780 5

109 798 168 826 que
185 789 334 826 perculsis
345 794 457 819 metum
469 789 606 825 incussit,
618 790 698 820 mille
710 790 863 827 equitibus
876 791 915 820 ad
928 790 1100 827 diripienda

106 830 204 867 hostis
219 830 435 868 impedimenta
450 831 633 861 circumvehi
649 831 752 868 iussis,
763 836 857 869 ratuS‚
870 832 1009 869 captivos
1022 841 1098 869 quo-

109 881 176 909 que,
193 872 245 910 qui
257 872 346 902 simul
360 874 603 910 asservabantur,
616 878 760 910 rupturos
773 873 903 910 vincula,
918 883 1010 911 quum
1023 882 1098 904 suos

106 914 389 951 appropinquantes
412 914 569 944 vidissent.
603 916 669 945 Non
693 916 840 945 fefellerat
860 915 1126 952 Parmenionem‚6

107 955 158 993 qui
185 956 215 985 in
237 957 325 986 laevo
352 961 429 986 erat:
456 966 590 994 propere
611 957 701 994 igitur
714 958 933 995 Polydamanta
948 957 1036 987 mittit
1058 958 1097 987 ad

104 1005 222 1034 regem,
245 998 295 1034 qui
312 1002 341 1028 et
356 998 524 1035 perieulum
541 1000 716 1029 ostenderet
730 1003 774 1035 et,
797 999 871 1036 quid
886 999 952 1028 fieri
969 999 1096 1034 iuberet,

107 1040 287 1069 consuleret.
324 1040 386 1075 Ille,
403 1040 505 1070 audito
522 1041 748 1078 Polydamante,
767 1040 834 1076 Abi,
853 1042 971 1077 nuntia,
990 1040 1096 1077 inquit,
1109 1046 1123 1072 7

103 1081 299 1116 Parmenioni,
312 1083 339 1110 si
350 1083 413 1111 acie
424 1084 586 1117 vicerimus,
598 1091 656 1112 non
673 1086 772 1112 nostra
790 1084 882 1112 solum
898 1091 949 1112 nos
968 1091 1096 1120 recupe-

104 1126 230 1158 raturos,
243 1124 296 1153 sed
307 1125 402 1159 etiam,
415 1133 491 1160 quae
502 1125 625 1154 hostium
642 1128 716 1159 sunt,
734 1128 936 1161 occupaturos.
968 1124 1098 1154 Proinde
1109 1129 1126 1154 8

103 1173 160 1193 non
172 1169 227 1200 est,
241 1165 320 1201 quod
330 1167 434 1194 virium
447 1167 603 1203 quiequam
614 1167 758 1196 subducat
769 1175 807 1195 esc
820 1168 897 1201 acie,
914 1166 968 1195 sed
974 1189 980 1201 ,
1000 1169 1033 1194 ut
1042 1174 1095 1201 me,

102 1210 135 1235 ut
145 1207 283 1243 Philippo
297 1212 384 1243 patre
395 1207 517 1243 dionum
527 1212 584 1243 est,
602 1212 761 1245 contempto
772 1209 961 1237 sarcinarum
979 1208 1095 1243 damno,

99 1247 220 1283 fortiter
230 1249 354 1278 dimicet.
384 1248 503 1279 Interim
519 1249 639 1278 barbari
655 1249 873 1286 impedimenta
888 1250 1093 1284 turbaverant,
1106 1254 1123 1280 9

103 1289 266 1326 caesisque
301 1289 456 1327 plerisque
482 1291 644 1320 custodum
673 1290 800 1327 captivi,
831 1290 962 1320 vinculis
988 1290 1095 1327 ruptis,

104 1330 250 1368 quicquid
267 1331 390 1361 obvium
406 1336 485 1368 erat,
513 1340 574 1368 quo
602 1333 711 1361 armari
734 1336 877 1369 possent,
905 1331 1052 1369 arripiunt
1067 1335 1097 1361 et

102 1372 257 1409 aggregati
284 1382 407 1402 suorum
434 1374 587 1410 equitibus
610 1374 794 1403 Macedonas
817 1373 940 1410 ancipiti
967 1373 1095 1403 circum-

100 1418 210 1444 ventos
231 1416 310 1444 malo
337 1415 498 1445 invadunt:
530 1416 670 1452 laetique,
703 1415 754 1452 qui
780 1414 861 1445 circa
888 1414 1094 1453 Sisygambim
1106 1420 1137 1446 lc

101 1460 195 1491 erant,
213 1456 325 1486 vicisse
341 1458 479 1492 Dareum,
494 1457 608 1494 ingenti
624 1458 719 1487 caede
737 1461 907 1494 prostratos
922 1457 1039 1492 hostes,
1055 1457 1095 1485 ad

101 1497 235 1527 ultimum
251 1498 340 1528 etiam
356 1498 578 1536 impedimentis
597 1503 707 1529 exutos
720 1507 790 1529 esse
804 1499 957 1529 nuntiant:
980 1498 1095 1536 quippe

101 1540 229 1569 eandem
247 1541 397 1570 fortunam
411 1540 525 1577 ubique
540 1549 610 1571 esse
627 1541 791 1571 credebant
823 1546 852 1570 et
872 1540 1007 1570 victores
1023 1540 1093 1569 Per-

101 1589 151 1610 sas
168 1581 207 1610 ad
223 1582 368 1618 praedam
384 1581 577 1612 discurrisse.
614 1582 813 1621 Sisygambis‚
830 1581 1020 1612 hortantibus
1041 1589 1088 1610 ca·
1104 1586 1135 1612 11

100 1622 202 1659 ptivis‚
218 1626 251 1653 ut
265 1623 395 1653 animum
411 1633 429 1653 a
443 1633 581 1654 maerore
596 1625 755 1659 allevaret,
771 1624 801 1653 in
818 1624 943 1660 eodem,
960 1631 1021 1660 quo
1038 1631 1094 1652 an-

101 1667 149 1693 tea
170 1663 237 1700 fuit,
262 1665 478 1702 perseveravit.
517 1666 583 1696 Non
606 1675 667 1696 vox
682 1667 743 1696 ulla
758 1665 870 1695 excidit
885 1665 928 1701 ei,
949 1673 1010 1694 non
1027 1664 1091 1694 oris

1190 1390 1194 1412 i
