1215 1905
222 78 291 106 LlB.
308 77 371 105 Vll.
396 76 476 106 CAP.
493 77 540 112 xl,
558 80 674 107 12—29.
697 87 754 114 [vn.
771 87 856 108 ιι-ω,
878 86 918 112 z.1
1021 75 1082 107 173

95 153 204 190 spexit.
228 152 290 182 Sed
306 160 343 181 ne
361 152 511 181 falleretur
526 151 624 187 acies,
646 152 783 182 dubitare
806 153 935 190 cogebat
948 151 1080 181 varietas

95 194 181 227 coeli,
196 202 275 224 nunc
288 193 478 224 internitente
492 194 568 223 lucis
582 194 708 230 fulgore,
725 202 805 223 nunc
818 193 951 224 condito.
966 194 1080 223 Verum

52 241 85 267 22
93 240 124 266 ut
140 235 282 273 liquidior
298 236 350 265 lux
365 234 505 272 apparuit
520 236 616 270 coelo⁷
633 235 779 265 dubitatio
793 240 934 273 exempta
949 239 1009 265 est:
1027 244 1080 265 vo-

93 282 255 315 catumque
271 277 404 314 Cophen,
423 285 478 313 per
494 285 583 313 quem
598 277 796 307 barbarorum
811 277 930 307 animos
946 282 1079 307 tentave<

92 324 146 354 rat,
162 319 248 349 mittit
264 319 303 348 ad
318 327 382 353 eos,
399 318 450 355 qui
466 323 611 354 moneret,
627 327 708 348 nunc
724 319 830 349 saltem
844 319 995 349 salubrius
1008 327 1079 348 con*

94 360 193 391 silium
206 361 330 390 inirent:
344 360 390 390 sin
399 364 499 390 autem
511 359 622 389 fiducia
633 360 692 389 loci
704 365 944 397 perseverarent,
959 360 1080 390 ostendi

51 406 109 434 23³
127 406 210 439 tergo
233 402 337 437 iussit,
354 402 406 438 qui
427 407 570 438 ceperant
591 403 743 431 verticem.
787 402 909 439 Cophes
925 402 1079 431 admissus

93 444 222 474 suadere
238 443 340 480 coepit
354 444 483 472 Arimazi
500 447 615 480 petram
632 444 763 479 tradere,
786 444 912 480 gratiam
928 443 1009 480 regis
1024 443 1078 472 ini-

92 491 174 521 turo,
201 486 227 515 si
249 489 348 515 tantas
370 493 420 514 res
443 484 614 515 molientem
635 484 665 514 in
687 485 777 514 unius
803 485 889 522 rupis
916 485 1079 514 obsidione

92 527 218 557 haerere
233 535 294 557 non
310 526 473 563 coegisset.
513 527 564 556 Ille
581 527 712 556 ferocius
729 526 970 564 superbiusque,
987 535 1078 563 quam

51 572 84 598 24
92 574 196 605 antea,
218 569 338 599 locutus
354 568 436 598 abire
455 568 578 605 Cophen
595 568 686 598 iubet.
730 570 768 598 At
784 568 809 598 is
825 576 972 606 prensum
988 576 1078 597 manu

92 610 252 640 barbarum
267 615 361 648 rogat,
377 614 409 640 ut
425 618 528 640 secum
545 615 629 639 extra
644 618 769 647 specum
786 610 929 646 prodeat:
947 617 1008 647 quo
1025 609 1078 639 im-

92 656 209 688 petrato
230 652 357 682 iuvenes
380 653 409 681 in
431 651 588 681 cacumine
610 652 743 682 ostendit
763 651 892 689 eiusque
915 651 1079 688 superbiae

92 693 173 722 haud
189 693 336 723 immerito
353 693 483 723 illudens
499 693 608 731 pinnas
624 693 736 723 habere
757 693 798 723 ait
819 692 928 723 milites
943 694 1078 723 Alexan-

48 739 82 764 25
91 735 145 763 dri.
181 736 305 772 Iamque
320 743 337 764 e
352 735 551 765 Macedonum
567 735 674 765 castris
691 735 848 772 signorum
865 739 1034 765 concentus
1050 739 1079 764 et

91 776 182 806 totius
198 777 350 806 exercitus
374 778 488 806 clamor
509 777 695 806 audiebatur.
735 777 778 806 Ea
790 785 858 812 res,
880 776 959 807 sicut
979 777 1076 814 plera-

91 826 151 854 que
172 818 242 847 belli
265 826 343 848 vana
358 823 387 848 et
402 818 517 853 inania,
540 819 688 848 barbaros
708 819 747 847 ad
770 818 956 848 deditionem
977 818 1076 848 traxit.

91 859 210 897 Quippe
236 859 376 897 occupati
402 864 482 890 metu
508 859 690 897 paucitatem
716 868 838 895 eorum,
870 860 922 898 qui
948 869 966 889 a
992 864 1076 897 tergo

48 904 82 931 26
90 906 184 936 erant,
200 901 360 931 aestimare
377 910 437 931 non
454 906 602 938 poterant.
624 902 729 939 Itaque
746 902 871 939 Cophen
888 906 970 938 (nam
986 902 1076 938 trepi‹

90 943 198 972 dantes
213 943 389 979 reliquerat)
409 948 531 973 strenue
545 948 692 974 revocant
713 948 743 973 et
763 952 831 973 cum
848 952 884 974 eo
900 944 981 973 XXX
996 943 1075 981 prin-

90 984 176 1022 cipes
192 984 324 1019 mittunt,
341 985 392 1021 qui
408 989 526 1022 petram
542 985 660 1015 tradant
674 990 712 1021 et,
728 990 760 1015 ut
775 986 977 1015 incolumibus
993 985 1076 1015 abire

46 1029 80 1057 27
90 1026 192 1062 liceat,
207 1026 411 1063 paciscantur.
455 1027 507 1056 llle
530 1035 713 1064 quamquam
729 1027 907 1062 verebatur,
930 1035 983 1062 ne,
1004 1035 1071 1056 con·

90 1071 197 1104 specta
213 1068 355 1097 iuvenum
372 1068 531 1105 paucitate,
547 1068 743 1099 deturbarent
758 1077 813 1098 eos
828 1069 959 1102 barbari,
977 1073 1075 1098 tamen

90 1114 118 1139 et
141 1110 280 1139 fortunae
302 1118 375 1139 suae
398 1110 533 1139 confisus
556 1115 585 1140 et
605 1110 736 1140 Arimazi
753 1111 915 1148 superbiae
937 1110 1076 1140 infensus

48 1151 198 1181 28nullam
215 1159 250 1181 se
265 1151 470 1181 conditionem
487 1151 650 1181 deditionis
666 1152 807 1189 accipere
823 1152 992 1190 respondit.
1009 1152 1074 1181 Ari-

89 1195 207 1229 mazes,
230 1193 401 1230 desperatis
418 1193 513 1230 magis
527 1202 618 1230 quam
638 1194 765 1231 perditis
786 1194 894 1229 rebus,
916 1202 984 1223 cum
1006 1202 1074 1231 pro-

88 1235 212 1272 pinquis
235 1234 495 1272 nobilissimisque
517 1235 616 1272 gentis
633 1243 707 1265 suae
729 1236 889 1265 descendit
909 1235 938 1264 in
961 1237 1074 1265 castra.

91 1284 170 1313 quos
192 1284 298 1306 omnes
320 1277 498 1306 verberibus
520 1276 647 1307 affectos
671 1278 727 1306 sub
749 1277 825 1314 ipsis
847 1277 1001 1307 radicibus
1023 1286 1074 1314 pe-

47 1321 80 1348 29
89 1322 150 1347 trae
167 1317 308 1348 crucibus
324 1318 412 1348 iussit
427 1318 519 1356 affigi.
562 1318 722 1348 Multitudo
739 1319 951 1349 dediticiorum
967 1318 1075 1348 incolis

90 1367 236 1389 novarum
252 1360 370 1389 urbium
386 1368 453 1389 cum
471 1360 600 1397 pecunia
617 1366 706 1397 capta
722 1360 804 1390 dono
820 1361 890 1390 data
905 1365 965 1391 est:
989 1361 1074 1390 Arta-

89 1401 182 1430 bazus
197 1401 226 1430 in
244 1406 347 1438 petrae
362 1402 567 1439 regionisque,
585 1410 662 1438 quae
674 1402 818 1439 apposita
832 1406 916 1433 esset
931 1402 968 1439 ei,
985 1402 1075 1431 tutela

89 1441 222 1472 relictus.
