1215 1905
139 79 200 109 160
487 78 825 114 Q.CURT11RUF1

139 163 194 184 sua
210 158 320 191 sponte
337 154 394 182 iam
411 157 509 183 motos
525 156 602 182 metu
619 161 739 190 poenae
754 153 834 182 haud
848 153 1009 183 difficulter
1024 152 1126 184 conci-

139 199 278 226 taverunt
293 195 332 224 ad
348 203 439 223 arma.

219 235 285 273 (27)
308 237 499 272 Alexander,
520 236 746 273 transfugarum
768 236 940 266 defectione
962 239 1169 273 comperta‚16

138 278 293 308 Craterum
309 277 451 307 obsidere
467 278 640 315 CyropolIm
656 278 753 315 iubet,
775 278 843 315 ipse
859 278 948 307 aliam
962 279 1067 308 urbem
1081 286 1126 307 re—

137 319 237 357 gionis
253 320 389 349 eiusdem
407 328 521 349 corona
536 319 632 356 capit:
656 319 822 357 signoque,
839 324 872 349 ut
886 320 1020 356 puberes
1036 319 1126 349 inter-

138 363 315 396 ficerentur,
332 362 402 390 dato
420 361 528 398 reliqui
543 361 572 390 in
590 362 735 398 praedam
752 370 876 391 cessere
890 361 1029 391 victoris:
1052 361 1126 390 urbs

138 403 237 433 diruta
259 407 320 439 est,
347 407 379 432 ut
401 403 493 432 ceteri
516 403 611 432 cladis
634 402 699 433 eius
723 405 864 440 exemplo
892 403 1128 435 continerentur.
1211 423 1215 444 ·.

137 446 320 479 Memaceni,
341 445 444 474 valida
466 453 558 481 gens,
584 444 775 474 obsidionem
798 454 857 474 non
874 450 906 474 ut
921 444 1126 474 honestiorem
1137 449 1168 476 17

139 487 244 523 modo,
262 488 317 516 sed
333 487 421 516 etiam
437 491 469 516 ut
486 487 623 517 tutiorem
641 488 718 516 serre
734 488 943 516 decreverant.
985 487 1035 516 Ad
1051 495 1126 523 quo-

137 537 202 558 rum
217 529 413 565 pertinaciam
430 529 623 565 mitigandam
640 537 692 557 rex
708 529 731 557 L
747 529 866 565 equites
881 527 1052 565 praemisit,
1076 527 1127 565 qui

139 571 327 600 clementiam
349 570 446 607 ipsius
468 570 497 599 in
521 570 640 599 deditos
663 571 813 607 simulque
829 569 1048 599 inexorabilem
1063 569 1126 599 ani·
1210 601 1215 610 A

139 621 218 641 mum
234 613 263 641 in
281 613 419 642 devictos
436 612 640 642 ostenderent.
684 612 729 641 Illi
744 621 800 641 nec
817 613 854 641 de
870 613 931 641 fide
946 620 1003 641 nec
1019 612 1058 641 de
1073 620 1126 648 po-
1136 616 1168 642 18

139 654 230 683 tentia
246 654 326 690 regis
343 654 430 690 ipsos
447 653 586 683 dubitare
597 654 786 690 respondent
801 654 984 690 equitesque
1000 654 1126 683 tendere

139 700 224 725 extra
240 696 425 725 munimenta
441 696 524 725 urbis
546 695 663 725 iubent:
691 695 881 732 hospitaliter
903 695 1014 724 deinde
1036 703 1125 724 exce-

139 742 208 774 ptos
224 745 397 774 gravesque
420 738 517 774 epulis
540 742 569 767 et
589 746 696 767 somno
719 738 901 773 intempesta
922 742 1012 766 nocte
1027 736 1125 766 adorti

139 780 362 809 interfecerunt.
386 780 561 808 Alexander
577 779 657 808 haud
674 787 779 814 secus,
797 788 887 815 quam
903 787 957 815 par
973 783 1044 813 erat,
1062 787 1123 807 mo·
1137 782 1167 808 19

140 826 187 850 tus
204 821 309 850 urbem
325 829 439 850 corona
456 820 668 856 circumdedit,
686 821 892 855 munitiorem,
911 828 1001 856 quam
1018 823 1049 849 ut
1064 819 1123 856 pri-

139 871 187 892 mo
204 862 318 899 impetu
334 862 401 899 capi
418 867 534 898 posset.
577 862 683 898 ltaque
704 862 888 898 Meleagrum
905 866 934 890 et
948 861 1123 890 Perdiccam

138 904 166 933 iu
185 904 376 933 obsidionem
392 903 501 941 iungit,
522 907 587 940 [ipse
599 909 630 931 ad
642 908 769 932 Craterum
782 906 967 939 proficiscitur‚]
988 902 1123 940 Cyropo-

140 945 197 981 lim,
214 950 246 975 ut
261 951 330 975 ante
346 945 459 975 dictum
474 950 535 982 est,
551 945 751 975 obsidentem.
775 945 927 975 Statuerat
941 949 1041 974 autem
1056 952 1124 980 par-
1133 947 1167 973 20

139 995 208 1016 cere
224 987 291 1016 urbi
303 987 444 1016 conditae
456 995 473 1015 a
487 987 581 1024 Cyro:
599 987 714 1023 quippe
730 995 791 1016 non
807 986 898 1016 alium
912 986 1045 1023 gentium
1061 985 1124 1014 illa-

139 1037 203 1058 rum
220 1029 315 1066 magis
328 1029 493 1058 admiratus
505 1033 559 1064 est,
578 1037 666 1065 quam
680 1029 760 1058 hunc
771 1036 874 1065 regem
887 1032 916 1058 et
927 1026 1123 1062 Semirffinim,

139 1079 218 1107 quos
240 1075 270 1100 et
288 1070 494 1107 magnitudine
516 1070 607 1099 animi
629 1075 658 1099 et
680 1070 815 1100 claritate
830 1078 929 1099 rerum
946 1070 1036 1106 longe
1053 1068 1124 1098 emi-

139 1113 241 1142 cuisse
263 1113 416 1141 credebat.
459 1112 596 1142 Cetemm
617 1112 783 1148 pertinacia
807 1112 1029 1148 oppidanorum
1051 1110 1161 1140 iramm

139 1154 204 1183 eius
220 1154 369 1183 accendit.
414 1155 518 1190 ltaque
534 1158 652 1190 captam
669 1155 774 1183 urbem
796 1154 885 1190 diripi
900 1153 990 1183 iussit
1004 1153 1056 1191 [et]
1073 1152 1124 1181 de-

139 1196 201 1225 leri.
219 1196 316 1234 [Tum]
326 1196 510 1225 Memacenis
525 1196 605 1224 haud
621 1195 729 1225 iniuria
744 1196 873 1225 infestus
889 1196 928 1224 ad
940 1195 1125 1230 Meleagrum

138 1242 168 1266 et
182 1237 357 1266 Perdiccam
374 1237 459 1267 redit.
493 1237 555 1266 Sed
571 1246 630 1266 non
647 1238 706 1266 alia
721 1238 794 1266 urbs
812 1237 917 1266 fortius
935 1236 1164 1265 obsidionemffl

140 1279 218 1308 tulit:
237 1278 350 1316 quippe
370 1284 399 1308 ct
416 1279 540 1308 militum
555 1278 776 1315 promptissimi
792 1279 930 1307 cecidere
947 1282 976 1307 et
990 1278 1057 1314 ipse
1070 1286 1125 1306 rex

138 1321 177 1350 ad
193 1321 328 1350 ultimum
344 1321 512 1357 periculum
529 1321 618 1350 venit.
640 1321 776 1357 Namque
793 1320 896 1349 cervix
912 1320 978 1349 eius
992 1327 1068 1348 saxo
1084 1318 1125 1348 ita

138 1362 198 1392 icta
213 1367 268 1397 est,
285 1367 330 1399 ut,
346 1363 442 1391 oculis
458 1362 587 1398 caligine
604 1362 712 1398 offusa,
729 1362 944 1397 collaberetur,
961 1369 998 1390 ne
1014 1360 1123 1389 mentis

140 1404 262 1440 quidem
271 1412 414 1440 compos:
428 1404 581 1433 exercitus
595 1409 685 1439 certe,
700 1405 782 1433 velut
793 1408 897 1440 erepto
910 1411 957 1439 eo,
969 1402 1122 1439 ingemuit.
1167 1403 1170 1405 ’

139 1445 201 1474 Sed
217 1445 348 1475 invictus
365 1446 514 1475 adversus
530 1454 581 1482 ea,
605 1454 683 1482 quae
699 1450 818 1475 ceteros
841 1448 967 1481 terrent,
990 1444 1164 1473 nondum23

139 1491 300 1524 percurato
318 1488 451 1524 vulnere,
472 1489 571 1517 acrius
589 1487 740 1517 obsidioni
757 1486 875 1522 institit,
893 1486 1058 1515 naturalem
1075 1493 1122 1513 ce-

138 1528 285 1558 leritatem
304 1529 349 1558 ira
371 1529 551 1559 concitante.
596 1529 741 1558 Cuniculo
764 1537 835 1565 ergo
854 1528 988 1558 suffossa
1003 1527 1123 1556 moenia

138 1570 245 1607 ingens
263 1571 417 1601 nudavere
434 1571 578 1608 spatium,
596 1579 651 1608 per
667 1571 749 1608 quod
766 1570 885 1607 irrupit:
900 1570 1059 1605 victorque
1074 1576 1122 1596 ur-

138 1612 205 1641 bem
221 1612 298 1642 dirui
315 1613 411 1643 iussit.

215 1653 282 1689 (28)
304 1654 380 1683 Hinc
402 1655 613 1684 Menedemum
641 1662 709 1683 cum
729 1654 769 1682 Ill
792 1653 911 1682 milibus
938 1650 1073 1689 peditum
1095 1653 1161 1680 et24

140 1695 232 1724 DCCC
248 1695 400 1732 equitibus
417 1697 454 1725 ad
472 1697 575 1725 urbem
595 1696 778 1725 Maracanda
800 1694 887 1724 misit.
931 1692 1122 1730 Spitamenes
