<?xml version="1.0" encoding="UTF-8"?>
<!DOCTYPE html PUBLIC "-//W3C//DTD XHTML 1.0 Transitional//EN"
    "http://www.w3.org/TR/xhtml1/DTD/xhtml1-transitional.dtd">
<html xmlns="http://www.w3.org/1999/xhtml" xml:lang="en" lang="en">
 <head>
  <title>
</title>
<meta http-equiv="Content-Type" content="text/html;charset=utf-8" />
  <meta name='ocr-system' content='tesseract 3.04.00' />
  <meta name='ocr-capabilities' content='ocr_page ocr_carea ocr_par ocr_line ocrx_word'/>
</head>
<body>
  <div class='ocr_page' id='page_1' title='image "./degestisalexand00curtuoft_0085.png"; bbox 0 0 1215 1895; ppageno 0'>
   <div class='ocr_carea' id='block_1_1' title="bbox 278 71 1104 110">
    <p class='ocr_par' dir='ltr' id='par_1_1' title="bbox 278 71 1104 110">
     <span class='ocr_line' id='line_1_1' title="bbox 278 71 1104 110; baseline -0.004 -4"><span class='ocrx_word' id='word_1_1' title='bbox 278 76 348 106; x_wconf 89' lang='lat' dir='ltr'><strong>LIB.</strong></span> <span class='ocrx_word' id='word_1_2' title='bbox 365 74 415 102; x_wconf 93' lang='lat' dir='ltr'>lV.</span> <span class='ocrx_word' id='word_1_3' title='bbox 439 73 521 103; x_wconf 89' lang='lat' dir='ltr'><strong>CAP.</strong></span> <span class='ocrx_word' id='word_1_4' title='bbox 537 73 572 108; x_wconf 87' lang='lat' dir='ltr'>X,</span> <span class='ocrx_word' id='word_1_5' title='bbox 588 75 691 103; x_wconf 81' lang='lat'><strong>7—29.</strong></span> <span class='ocrx_word' id='word_1_6' title='bbox 712 82 761 110; x_wconf 72' lang='lat' dir='ltr'>nv,</span> <span class='ocrx_word' id='word_1_7' title='bbox 778 83 863 104; x_wconf 69' lang='lat' dir='ltr'>:ze-⁴2.</span> <span class='ocrx_word' id='word_1_8' title='bbox 881 81 920 108; x_wconf 86' lang='lat' dir='ltr'>z.]</span> <span class='ocrx_word' id='word_1_9' title='bbox 1062 71 1104 103; x_wconf 79' lang='lat'>57</span> 
     </span>
    </p>
   </div>
   <div class='ocr_carea' id='block_1_2' title="bbox 64 147 1103 1732">
    <p class='ocr_par' dir='ltr' id='par_1_2' title="bbox 66 147 1103 605">
     <span class='ocr_line' id='line_1_2' title="bbox 111 147 1103 187; baseline -0.002 -7"><span class='ocrx_word' id='word_1_10' title='bbox 111 158 219 180; x_wconf 88' lang='lat' dir='ltr'>socrus</span> <span class='ocrx_word' id='word_1_11' title='bbox 234 155 264 180; x_wconf 89' lang='lat' dir='ltr'>et</span> <span class='ocrx_word' id='word_1_12' title='bbox 279 150 428 187; x_wconf 85' lang='lat' dir='ltr'>virginum</span> <span class='ocrx_word' id='word_1_13' title='bbox 446 149 572 179; x_wconf 85' lang='lat' dir='ltr'>filiarum</span> <span class='ocrx_word' id='word_1_14' title='bbox 585 156 692 178; x_wconf 86' lang='lat' dir='ltr'>manus</span> <span class='ocrx_word' id='word_1_15' title='bbox 709 149 846 185; x_wconf 84' lang='lat' dir='ltr'>collapsa</span> <span class='ocrx_word' id='word_1_16' title='bbox 859 152 932 184; x_wconf 84' lang='lat' dir='ltr'>erat,</span> <span class='ocrx_word' id='word_1_17' title='bbox 947 147 1059 178; x_wconf 87' lang='lat' dir='ltr'>deinde</span> <span class='ocrx_word' id='word_1_18' title='bbox 1072 153 1103 178; x_wconf 88' lang='lat' dir='ltr'>et</span> 
     </span>
     <span class='ocr_line' id='line_1_3' title="bbox 67 189 1099 228; baseline -0.003 -5"><span class='ocrx_word' id='word_1_19' title='bbox 67 192 250 223; x_wconf 75' lang='lat' dir='ltr'>20extineta.</span> <span class='ocrx_word' id='word_1_20' title='bbox 275 192 308 221; x_wconf 89' lang='lat' dir='ltr'>ld</span> <span class='ocrx_word' id='word_1_21' title='bbox 325 192 424 228; x_wconf 87' lang='lat' dir='ltr'>ipsum</span> <span class='ocrx_word' id='word_1_22' title='bbox 441 191 582 221; x_wconf 82' lang='lat' dir='ltr'>nuntians</span> <span class='ocrx_word' id='word_1_23' title='bbox 597 191 674 220; x_wconf 82' lang='lat' dir='ltr'>alius</span> <span class='ocrx_word' id='word_1_24' title='bbox 691 190 877 227; x_wconf 88' lang='lat' dir='ltr'>supervenit.</span> <span class='ocrx_word' id='word_1_25' title='bbox 900 190 937 220; x_wconf 87' lang='lat' dir='ltr'>Et</span> <span class='ocrx_word' id='word_1_26' title='bbox 950 197 1004 219; x_wconf 88' lang='lat' dir='ltr'>rex</span> <span class='ocrx_word' id='word_1_27' title='bbox 1020 189 1099 220; x_wconf 87' lang='lat' dir='ltr'>haud</span> 
     </span>
     <span class='ocr_line' id='line_1_4' title="bbox 109 232 1101 271; baseline -0.002 -7"><span class='ocrx_word' id='word_1_28' title='bbox 109 241 211 269; x_wconf 89' lang='lat' dir='ltr'>secus,</span> <span class='ocrx_word' id='word_1_29' title='bbox 227 242 318 270; x_wconf 84' lang='lat' dir='ltr'>quam</span> <span class='ocrx_word' id='word_1_30' title='bbox 334 233 360 263; x_wconf 81' lang='lat' dir='ltr'>si</span> <span class='ocrx_word' id='word_1_31' title='bbox 376 233 509 271; x_wconf 86' lang='lat' dir='ltr'>parentis</span> <span class='ocrx_word' id='word_1_32' title='bbox 525 240 599 262; x_wconf 87' lang='lat' dir='ltr'>suae</span> <span class='ocrx_word' id='word_1_33' title='bbox 615 240 697 262; x_wconf 87' lang='lat' dir='ltr'>mors</span> <span class='ocrx_word' id='word_1_34' title='bbox 714 233 851 262; x_wconf 80' lang='lat' dir='ltr'>nuntiata</span> <span class='ocrx_word' id='word_1_35' title='bbox 866 235 957 267; x_wconf 86' lang='lat' dir='ltr'>esset,</span> <span class='ocrx_word' id='word_1_36' title='bbox 974 232 1101 262; x_wconf 88' lang='lat' dir='ltr'>crebros</span> 
     </span>
     <span class='ocr_line' id='line_1_5' title="bbox 109 273 1098 313; baseline -0.002 -8"><span class='ocrx_word' id='word_1_37' title='bbox 109 276 203 306; x_wconf 78' lang='lat' dir='ltr'>edidit</span> <span class='ocrx_word' id='word_1_38' title='bbox 214 275 343 313; x_wconf 79' lang='lat' dir='ltr'>gemitus</span> <span class='ocrx_word' id='word_1_39' title='bbox 356 275 549 311; x_wconf 78' lang='lat' dir='ltr'>lacrimisque</span> <span class='ocrx_word' id='word_1_40' title='bbox 562 274 686 308; x_wconf 82' lang='lat' dir='ltr'>obortis,</span> <span class='ocrx_word' id='word_1_41' title='bbox 702 275 808 310; x_wconf 86' lang='lat' dir='ltr'>quales</span> <span class='ocrx_word' id='word_1_42' title='bbox 817 275 933 303; x_wconf 82' lang='lat' dir='ltr'>Dareus</span> <span class='ocrx_word' id='word_1_43' title='bbox 946 273 1098 310; x_wconf 82' lang='lat' dir='ltr'>profudis-</span> 
     </span>
     <span class='ocr_line' id='line_1_6' title="bbox 109 315 1102 353; baseline -0.003 -5"><span class='ocrx_word' id='word_1_44' title='bbox 109 322 171 353; x_wconf 88' lang='lat' dir='ltr'>set,</span> <span class='ocrx_word' id='word_1_45' title='bbox 197 317 226 347; x_wconf 89' lang='lat' dir='ltr'>in</span> <span class='ocrx_word' id='word_1_46' title='bbox 243 317 483 349; x_wconf 79' lang='lat' dir='ltr'>tabernaculum,</span> <span class='ocrx_word' id='word_1_47' title='bbox 512 316 541 345; x_wconf 90' lang='lat' dir='ltr'>in</span> <span class='ocrx_word' id='word_1_48' title='bbox 559 324 619 352; x_wconf 86' lang='lat' dir='ltr'>quo</span> <span class='ocrx_word' id='word_1_49' title='bbox 636 320 730 345; x_wconf 85' lang='lat' dir='ltr'>mater</span> <span class='ocrx_word' id='word_1_50' title='bbox 745 320 809 345; x_wconf 86' lang='lat' dir='ltr'>erat</span> <span class='ocrx_word' id='word_1_51' title='bbox 823 315 926 349; x_wconf 79' lang='lat' dir='ltr'>Darei,</span> <span class='ocrx_word' id='word_1_52' title='bbox 955 315 1102 345; x_wconf 84' lang='lat' dir='ltr'>defuncto</span> 
     </span>
     <span class='ocr_line' id='line_1_7' title="bbox 68 358 1100 396; baseline -0.004 -6"><span class='ocrx_word' id='word_1_53' title='bbox 68 365 99 391; x_wconf 79' lang='grc' dir='ltr'>ἰι</span> <span class='ocrx_word' id='word_1_54' title='bbox 108 359 250 390; x_wconf 82' lang='lat' dir='ltr'>assidens</span> <span class='ocrx_word' id='word_1_55' title='bbox 267 359 397 396; x_wconf 82' lang='lat' dir='ltr'>corpori,</span> <span class='ocrx_word' id='word_1_56' title='bbox 415 358 505 388; x_wconf 86' lang='lat' dir='ltr'>venit.</span> <span class='ocrx_word' id='word_1_57' title='bbox 526 358 581 386; x_wconf 86' lang='lat' dir='ltr'>Hic</span> <span class='ocrx_word' id='word_1_58' title='bbox 599 365 669 387; x_wconf 78' lang='lat' dir='ltr'>vero</span> <span class='ocrx_word' id='word_1_59' title='bbox 686 361 851 387; x_wconf 83' lang='lat' dir='ltr'>renovatus</span> <span class='ocrx_word' id='word_1_60' title='bbox 865 361 912 387; x_wconf 89' lang='lat' dir='ltr'>est</span> <span class='ocrx_word' id='word_1_61' title='bbox 927 364 1056 393; x_wconf 87' lang='lat' dir='ltr'>maeror,</span> <span class='ocrx_word' id='word_1_62' title='bbox 1069 361 1100 387; x_wconf 85' lang='lat' dir='ltr'>ut</span> 
     </span>
     <span class='ocr_line' id='line_1_8' title="bbox 109 399 1097 438; baseline -0.003 -7"><span class='ocrx_word' id='word_1_63' title='bbox 109 405 290 438; x_wconf 73' lang='lat' dir='ltr'>prostratam</span> <span class='ocrx_word' id='word_1_64' title='bbox 305 400 387 430; x_wconf 87' lang='lat' dir='ltr'>humi</span> <span class='ocrx_word' id='word_1_65' title='bbox 404 400 485 429; x_wconf 79' lang='lat' dir='ltr'>vidit.</span> <span class='ocrx_word' id='word_1_66' title='bbox 515 399 641 429; x_wconf 83' lang='lat' dir='ltr'>Recenti</span> <span class='ocrx_word' id='word_1_67' title='bbox 657 400 736 429; x_wconf 87' lang='lat' dir='ltr'>malo</span> <span class='ocrx_word' id='word_1_68' title='bbox 752 399 888 436; x_wconf 82' lang='lat' dir='ltr'>priorum</span> <span class='ocrx_word' id='word_1_69' title='bbox 905 406 1030 435; x_wconf 89' lang='lat' dir='ltr'>quoque</span> <span class='ocrx_word' id='word_1_70' title='bbox 1045 399 1097 428; x_wconf 85' lang='lat' dir='ltr'>ad-</span> 
     </span>
     <span class='ocr_line' id='line_1_9' title="bbox 109 440 1098 480; baseline -0.002 -9"><span class='ocrx_word' id='word_1_71' title='bbox 109 443 222 473; x_wconf 87' lang='lat' dir='ltr'>monita</span> <span class='ocrx_word' id='word_1_72' title='bbox 241 447 398 480; x_wconf 76' lang='lat' dir='ltr'>receperat</span> <span class='ocrx_word' id='word_1_73' title='bbox 413 442 442 471; x_wconf 89' lang='lat' dir='ltr'>in</span> <span class='ocrx_word' id='word_1_74' title='bbox 455 442 601 478; x_wconf 85' lang='lat' dir='ltr'>gremium</span> <span class='ocrx_word' id='word_1_75' title='bbox 613 442 733 471; x_wconf 85' lang='lat' dir='ltr'>adultas</span> <span class='ocrx_word' id='word_1_76' title='bbox 747 441 894 478; x_wconf 77' lang='lat' dir='ltr'>virgines,</span> <span class='ocrx_word' id='word_1_77' title='bbox 911 448 1022 477; x_wconf 84' lang='lat' dir='ltr'>magna</span> <span class='ocrx_word' id='word_1_78' title='bbox 1034 440 1098 477; x_wconf 85' lang='lat' dir='ltr'>qui-</span> 
     </span>
     <span class='ocr_line' id='line_1_10' title="bbox 109 483 1100 520; baseline -0.003 -6"><span class='ocrx_word' id='word_1_79' title='bbox 109 485 177 514; x_wconf 91' lang='lat' dir='ltr'>dem</span> <span class='ocrx_word' id='word_1_80' title='bbox 193 483 286 514; x_wconf 90' lang='lat' dir='ltr'>mutui</span> <span class='ocrx_word' id='word_1_81' title='bbox 302 484 416 514; x_wconf 83' lang='lat' dir='ltr'>doloris</span> <span class='ocrx_word' id='word_1_82' title='bbox 433 483 556 517; x_wconf 82' lang='lat' dir='ltr'>solatia,</span> <span class='ocrx_word' id='word_1_83' title='bbox 584 483 639 512; x_wconf 86' lang='lat' dir='ltr'>sed</span> <span class='ocrx_word' id='word_1_84' title='bbox 662 483 773 520; x_wconf 86' lang='lat' dir='ltr'>quibus</span> <span class='ocrx_word' id='word_1_85' title='bbox 797 483 864 520; x_wconf 85' lang='lat' dir='ltr'>ipsa</span> <span class='ocrx_word' id='word_1_86' title='bbox 888 483 1014 512; x_wconf 78' lang='lat' dir='ltr'>deberet</span> <span class='ocrx_word' id='word_1_87' title='bbox 1028 490 1100 511; x_wconf 87' lang='lat' dir='ltr'>esse</span> 
     </span>
     <span class='ocr_line' id='line_1_11' title="bbox 66 523 1099 562; baseline -0.004 -6"><span class='ocrx_word' id='word_1_88' title='bbox 66 526 227 557; x_wconf 76' lang='lat' dir='ltr'>2250lati0.</span> <span class='ocrx_word' id='word_1_89' title='bbox 274 527 304 555; x_wconf 92' lang='lat' dir='ltr'>ln</span> <span class='ocrx_word' id='word_1_90' title='bbox 328 530 496 562; x_wconf 84' lang='lat' dir='ltr'>conspeetu</span> <span class='ocrx_word' id='word_1_91' title='bbox 513 529 578 554; x_wconf 88' lang='lat' dir='ltr'>erat</span> <span class='ocrx_word' id='word_1_92' title='bbox 592 533 691 561; x_wconf 85' lang='lat' dir='ltr'>nepos</span> <span class='ocrx_word' id='word_1_93' title='bbox 707 525 868 562; x_wconf 76' lang='lat' dir='ltr'>parvulus,</span> <span class='ocrx_word' id='word_1_94' title='bbox 896 524 934 553; x_wconf 92' lang='lat' dir='ltr'>ob</span> <span class='ocrx_word' id='word_1_95' title='bbox 951 525 981 553; x_wconf 90' lang='lat' dir='ltr'>id</span> <span class='ocrx_word' id='word_1_96' title='bbox 997 523 1099 560; x_wconf 87' lang='lat' dir='ltr'>ipsum</span> 
     </span>
     <span class='ocr_line' id='line_1_12' title="bbox 107 565 1098 605; baseline -0.004 -7"><span class='ocrx_word' id='word_1_97' title='bbox 107 567 298 602; x_wconf 86' lang='lat' dir='ltr'>miserabilis,</span> <span class='ocrx_word' id='word_1_98' title='bbox 317 568 400 605; x_wconf 83' lang='lat' dir='ltr'>quod</span> <span class='ocrx_word' id='word_1_99' title='bbox 414 568 549 597; x_wconf 88' lang='lat' dir='ltr'>nondum</span> <span class='ocrx_word' id='word_1_100' title='bbox 563 567 713 596; x_wconf 76' lang='lat' dir='ltr'>sentiebat</span> <span class='ocrx_word' id='word_1_101' title='bbox 725 567 933 600; x_wconf 79' lang='lat' dir='ltr'>calamitatem,</span> <span class='ocrx_word' id='word_1_102' title='bbox 949 574 989 595; x_wconf 84' lang='lat' dir='ltr'>ex</span> <span class='ocrx_word' id='word_1_103' title='bbox 1004 565 1098 594; x_wconf 87' lang='lat' dir='ltr'>maxi-</span> 
     </span>
    </p>

    <p class='ocr_par' dir='ltr' id='par_1_3' title="bbox 65 608 1099 814">
     <span class='ocr_line' id='line_1_13' title="bbox 65 608 1099 647; baseline -0.003 -8"><span class='ocrx_word' id='word_1_104' title='bbox 65 614 98 639; x_wconf 78' lang='lat'>23</span> <span class='ocrx_word' id='word_1_105' title='bbox 105 619 155 639; x_wconf 86' lang='lat' dir='ltr'>ma</span> <span class='ocrx_word' id='word_1_106' title='bbox 171 614 256 647; x_wconf 89' lang='lat' dir='ltr'>parte</span> <span class='ocrx_word' id='word_1_107' title='bbox 271 610 311 639; x_wconf 88' lang='lat' dir='ltr'>ad</span> <span class='ocrx_word' id='word_1_108' title='bbox 328 610 429 647; x_wconf 87' lang='lat' dir='ltr'>ipsum</span> <span class='ocrx_word' id='word_1_109' title='bbox 443 609 674 638; x_wconf 75' lang='lat' dir='ltr'>redundantem.</span> <span class='ocrx_word' id='word_1_110' title='bbox 718 609 876 644; x_wconf 86' lang='lat' dir='ltr'>Crederes,</span> <span class='ocrx_word' id='word_1_111' title='bbox 889 608 1099 637; x_wconf 77' lang='lat' dir='ltr'>Alexandrum</span> 
     </span>
     <span class='ocr_line' id='line_1_14' title="bbox 107 649 1099 684; baseline -0.004 -3"><span class='ocrx_word' id='word_1_112' title='bbox 107 651 184 681; x_wconf 89' lang='lat' dir='ltr'>inter</span> <span class='ocrx_word' id='word_1_113' title='bbox 199 660 272 682; x_wconf 89' lang='lat' dir='ltr'>suas</span> <span class='ocrx_word' id='word_1_114' title='bbox 285 651 530 681; x_wconf 75' lang='lat' dir='ltr'>necessitudines</span> <span class='ocrx_word' id='word_1_115' title='bbox 543 650 617 680; x_wconf 83' lang='lat' dir='ltr'>flere</span> <span class='ocrx_word' id='word_1_116' title='bbox 630 654 660 680; x_wconf 86' lang='lat' dir='ltr'>et</span> <span class='ocrx_word' id='word_1_117' title='bbox 672 650 782 680; x_wconf 86' lang='lat' dir='ltr'>solatia</span> <span class='ocrx_word' id='word_1_118' title='bbox 797 658 857 679; x_wconf 93' lang='lat' dir='ltr'>non</span> <span class='ocrx_word' id='word_1_119' title='bbox 870 649 1025 684; x_wconf 87' lang='lat' dir='ltr'>adhibere,</span> <span class='ocrx_word' id='word_1_120' title='bbox 1042 649 1099 678; x_wconf 89' lang='lat' dir='ltr'>sed</span> 
     </span>
     <span class='ocr_line' id='line_1_15' title="bbox 108 690 1097 730; baseline -0.004 -7"><span class='ocrx_word' id='word_1_121' title='bbox 108 702 265 730; x_wconf 79' lang='lat' dir='ltr'>quaerere.</span> <span class='ocrx_word' id='word_1_122' title='bbox 288 693 361 723; x_wconf 88' lang='lat' dir='ltr'>Cibo</span> <span class='ocrx_word' id='word_1_123' title='bbox 378 698 458 723; x_wconf 88' lang='lat' dir='ltr'>certe</span> <span class='ocrx_word' id='word_1_124' title='bbox 474 692 619 722; x_wconf 76' lang='lat' dir='ltr'>abstinuit</span> <span class='ocrx_word' id='word_1_125' title='bbox 635 700 819 729; x_wconf 87' lang='lat' dir='ltr'>omnemque</span> <span class='ocrx_word' id='word_1_126' title='bbox 834 692 983 721; x_wconf 90' lang='lat' dir='ltr'>honorem</span> <span class='ocrx_word' id='word_1_127' title='bbox 999 690 1097 720; x_wconf 80' lang='lat' dir='ltr'>funeri</span> 
     </span>
     <span class='ocr_line' id='line_1_16' title="bbox 108 732 1098 772; baseline -0.003 -8"><span class='ocrx_word' id='word_1_128' title='bbox 108 735 205 772; x_wconf 90' lang='lat' dir='ltr'>patrio</span> <span class='ocrx_word' id='word_1_129' title='bbox 220 735 380 764; x_wconf 81' lang='lat' dir='ltr'>Persarum</span> <span class='ocrx_word' id='word_1_130' title='bbox 395 743 479 764; x_wconf 87' lang='lat' dir='ltr'>more</span> <span class='ocrx_word' id='word_1_131' title='bbox 494 735 644 768; x_wconf 81' lang='lat' dir='ltr'>servavit,</span> <span class='ocrx_word' id='word_1_132' title='bbox 660 734 771 771; x_wconf 85' lang='lat' dir='ltr'>dignus</span> <span class='ocrx_word' id='word_1_133' title='bbox 787 734 925 769; x_wconf 88' lang='lat' dir='ltr'>hercule,</span> <span class='ocrx_word' id='word_1_134' title='bbox 949 732 1001 770; x_wconf 91' lang='lat' dir='ltr'>qui</span> <span class='ocrx_word' id='word_1_135' title='bbox 1016 739 1098 762; x_wconf 72' lang='lat' dir='ltr'>nunc</span> 
     </span>
     <span class='ocr_line' id='line_1_17' title="bbox 108 775 1096 814; baseline -0.003 -8"><span class='ocrx_word' id='word_1_136' title='bbox 108 785 230 814; x_wconf 86' lang='lat' dir='ltr'>quoque</span> <span class='ocrx_word' id='word_1_137' title='bbox 247 781 359 806; x_wconf 86' lang='lat' dir='ltr'>tantum</span> <span class='ocrx_word' id='word_1_138' title='bbox 376 781 405 806; x_wconf 88' lang='lat' dir='ltr'>et</span> <span class='ocrx_word' id='word_1_139' title='bbox 420 776 663 805; x_wconf 80' lang='lat' dir='ltr'>mansuetudinis</span> <span class='ocrx_word' id='word_1_140' title='bbox 679 780 709 806; x_wconf 93' lang='lat' dir='ltr'>et</span> <span class='ocrx_word' id='word_1_141' title='bbox 725 775 927 805; x_wconf 81' lang='lat' dir='ltr'>continentiae</span> <span class='ocrx_word' id='word_1_142' title='bbox 944 775 1020 804; x_wconf 80' lang='lat' dir='ltr'>ferat</span> <span class='ocrx_word' id='word_1_143' title='bbox 1035 775 1096 803; x_wconf 67' lang='lat' dir='ltr'>ssu&lt;</span> 
     </span>
    </p>

    <p class='ocr_par' dir='ltr' id='par_1_4' title="bbox 64 817 1101 981">
     <span class='ocr_line' id='line_1_18' title="bbox 64 817 1101 854; baseline -0.004 -6"><span class='ocrx_word' id='word_1_144' title='bbox 64 823 98 848; x_wconf 68' lang='lat'>24</span> <span class='ocrx_word' id='word_1_145' title='bbox 106 823 193 848; x_wconf 88' lang='lat' dir='ltr'>ctum.</span> <span class='ocrx_word' id='word_1_146' title='bbox 218 818 317 848; x_wconf 89' lang='lat' dir='ltr'>Semel</span> <span class='ocrx_word' id='word_1_147' title='bbox 333 818 455 847; x_wconf 90' lang='lat' dir='ltr'>omnino</span> <span class='ocrx_word' id='word_1_148' title='bbox 472 826 539 847; x_wconf 82' lang='lat' dir='ltr'>eam</span> <span class='ocrx_word' id='word_1_149' title='bbox 555 818 687 852; x_wconf 85' lang='lat' dir='ltr'>viderat,</span> <span class='ocrx_word' id='word_1_150' title='bbox 713 826 772 854; x_wconf 85' lang='lat' dir='ltr'>quo</span> <span class='ocrx_word' id='word_1_151' title='bbox 791 817 840 846; x_wconf 87' lang='lat' dir='ltr'>die</span> <span class='ocrx_word' id='word_1_152' title='bbox 857 820 946 853; x_wconf 83' lang='lat' dir='ltr'>capta</span> <span class='ocrx_word' id='word_1_153' title='bbox 962 820 1024 852; x_wconf 83' lang='lat' dir='ltr'>est,</span> <span class='ocrx_word' id='word_1_154' title='bbox 1041 823 1101 844; x_wconf 78' lang='lat' dir='ltr'>nec</span> 
     </span>
     <span class='ocr_line' id='line_1_19' title="bbox 107 858 1096 898; baseline -0.004 -8"><span class='ocrx_word' id='word_1_155' title='bbox 107 864 138 890; x_wconf 91' lang='lat' dir='ltr'>ut</span> <span class='ocrx_word' id='word_1_156' title='bbox 152 859 265 898; x_wconf 86' lang='lat' dir='ltr'>ipsam,</span> <span class='ocrx_word' id='word_1_157' title='bbox 291 861 347 890; x_wconf 87' lang='lat' dir='ltr'>sed</span> <span class='ocrx_word' id='word_1_158' title='bbox 363 864 394 889; x_wconf 88' lang='lat' dir='ltr'>ut</span> <span class='ocrx_word' id='word_1_159' title='bbox 410 859 498 890; x_wconf 81' lang='lat' dir='ltr'>Darei</span> <span class='ocrx_word' id='word_1_160' title='bbox 514 863 638 889; x_wconf 83' lang='lat' dir='ltr'>matrem</span> <span class='ocrx_word' id='word_1_161' title='bbox 655 860 787 894; x_wconf 77' lang='lat' dir='ltr'>videret,</span> <span class='ocrx_word' id='word_1_162' title='bbox 809 858 1013 895; x_wconf 82' lang='lat' dir='ltr'>eximiamque</span> <span class='ocrx_word' id='word_1_163' title='bbox 1030 858 1096 894; x_wconf 91' lang='lat' dir='ltr'>pul-</span> 
     </span>
     <span class='ocr_line' id='line_1_20' title="bbox 107 900 1096 932; baseline -0.004 0"><span class='ocrx_word' id='word_1_164' title='bbox 107 902 304 932; x_wconf 79' lang='lat' dir='ltr'>chritudinem</span> <span class='ocrx_word' id='word_1_165' title='bbox 322 903 435 931; x_wconf 84' lang='lat' dir='ltr'>sormae</span> <span class='ocrx_word' id='word_1_166' title='bbox 451 901 517 931; x_wconf 81' lang='lat' dir='ltr'>eius</span> <span class='ocrx_word' id='word_1_167' title='bbox 533 910 593 931; x_wconf 91' lang='lat' dir='ltr'>non</span> <span class='ocrx_word' id='word_1_168' title='bbox 609 900 739 930; x_wconf 87' lang='lat' dir='ltr'>libidinis</span> <span class='ocrx_word' id='word_1_169' title='bbox 755 901 903 930; x_wconf 78' lang='lat' dir='ltr'>habuerat</span> <span class='ocrx_word' id='word_1_170' title='bbox 922 900 1096 929; x_wconf 73' lang='lat' dir='ltr'>incitamen-</span> 
     </span>
     <span class='ocr_line' id='line_1_21' title="bbox 108 944 389 981; baseline -0.004 -8"><span class='ocrx_word' id='word_1_171' title='bbox 108 948 178 979; x_wconf 90' lang='lat' dir='ltr'>tum,</span> <span class='ocrx_word' id='word_1_172' title='bbox 195 945 249 973; x_wconf 87' lang='lat' dir='ltr'>sed</span> <span class='ocrx_word' id='word_1_173' title='bbox 265 944 389 981; x_wconf 79' lang='lat' dir='ltr'>gloriae.</span> 
     </span>
    </p>

    <p class='ocr_par' dir='ltr' id='par_1_5' title="bbox 65 983 1097 1147">
     <span class='ocr_line' id='line_1_22' title="bbox 65 983 1096 1023; baseline -0.002 -8"><span class='ocrx_word' id='word_1_174' title='bbox 65 991 97 1016; x_wconf 79' lang='lat'>25</span> <span class='ocrx_word' id='word_1_175' title='bbox 187 984 254 1021; x_wconf 78' lang='lat'>(42)</span> <span class='ocrx_word' id='word_1_176' title='bbox 275 986 298 1015; x_wconf 88' lang='grc' dir='ltr'>Ε</span> <span class='ocrx_word' id='word_1_177' title='bbox 315 986 520 1023; x_wconf 81' lang='lat' dir='ltr'>spadonibus,</span> <span class='ocrx_word' id='word_1_178' title='bbox 538 985 588 1022; x_wconf 88' lang='lat' dir='ltr'>qui</span> <span class='ocrx_word' id='word_1_179' title='bbox 605 983 686 1014; x_wconf 85' lang='lat' dir='ltr'>circa</span> <span class='ocrx_word' id='word_1_180' title='bbox 698 984 833 1021; x_wconf 79' lang='lat' dir='ltr'>reginam</span> <span class='ocrx_word' id='word_1_181' title='bbox 850 987 944 1020; x_wconf 82' lang='lat' dir='ltr'>erant,</span> <span class='ocrx_word' id='word_1_182' title='bbox 959 983 1096 1022; x_wconf 76' lang='lat' dir='ltr'>Tyriotes</span> 
     </span>
     <span class='ocr_line' id='line_1_23' title="bbox 107 1027 1096 1064; baseline -0.002 -8"><span class='ocrx_word' id='word_1_183' title='bbox 107 1027 184 1057; x_wconf 90' lang='lat' dir='ltr'>inter</span> <span class='ocrx_word' id='word_1_184' title='bbox 210 1027 442 1064; x_wconf 88' lang='lat' dir='ltr'>trepidationem</span> <span class='ocrx_word' id='word_1_185' title='bbox 468 1027 633 1063; x_wconf 85' lang='lat' dir='ltr'>lugentium</span> <span class='ocrx_word' id='word_1_186' title='bbox 655 1027 779 1063; x_wconf 85' lang='lat' dir='ltr'>elapsus</span> <span class='ocrx_word' id='word_1_187' title='bbox 801 1035 857 1063; x_wconf 91' lang='lat' dir='ltr'>per</span> <span class='ocrx_word' id='word_1_188' title='bbox 879 1035 945 1055; x_wconf 81' lang='lat' dir='ltr'>eum</span> <span class='ocrx_word' id='word_1_189' title='bbox 968 1030 1096 1062; x_wconf 89' lang='lat' dir='ltr'>portam,</span> 
     </span>
     <span class='ocr_line' id='line_1_24' title="bbox 109 1068 1097 1106; baseline -0.002 -8"><span class='ocrx_word' id='word_1_190' title='bbox 109 1077 196 1105; x_wconf 85' lang='lat' dir='ltr'>quae,</span> <span class='ocrx_word' id='word_1_191' title='bbox 213 1070 285 1106; x_wconf 80' lang='lat' dir='ltr'>quia</span> <span class='ocrx_word' id='word_1_192' title='bbox 300 1069 337 1098; x_wconf 87' lang='lat' dir='ltr'>ab</span> <span class='ocrx_word' id='word_1_193' title='bbox 354 1069 442 1098; x_wconf 83' lang='lat' dir='ltr'>hoste</span> <span class='ocrx_word' id='word_1_194' title='bbox 459 1076 570 1098; x_wconf 75' lang='lat' dir='ltr'>aversa</span> <span class='ocrx_word' id='word_1_195' title='bbox 586 1072 664 1103; x_wconf 84' lang='lat' dir='ltr'>erat,</span> <span class='ocrx_word' id='word_1_196' title='bbox 682 1068 779 1097; x_wconf 90' lang='lat' dir='ltr'>levius</span> <span class='ocrx_word' id='word_1_197' title='bbox 797 1068 1040 1103; x_wconf 82' lang='lat' dir='ltr'>custodiebatur,</span> <span class='ocrx_word' id='word_1_198' title='bbox 1057 1068 1097 1097; x_wconf 87' lang='lat' dir='ltr'>ad</span> 
     </span>
     <span class='ocr_line' id='line_1_25' title="bbox 108 1109 1096 1147; baseline -0.001 -8"><span class='ocrx_word' id='word_1_199' title='bbox 108 1110 195 1139; x_wconf 75' lang='lat' dir='ltr'>Darei</span> <span class='ocrx_word' id='word_1_200' title='bbox 211 1115 311 1140; x_wconf 80' lang='lat' dir='ltr'>castra</span> <span class='ocrx_word' id='word_1_201' title='bbox 328 1110 465 1147; x_wconf 76' lang='lat' dir='ltr'>pervenit</span> <span class='ocrx_word' id='word_1_202' title='bbox 481 1114 692 1147; x_wconf 83' lang='lat' dir='ltr'>exceptusque</span> <span class='ocrx_word' id='word_1_203' title='bbox 714 1118 731 1138; x_wconf 87' lang='lat' dir='ltr'>a</span> <span class='ocrx_word' id='word_1_204' title='bbox 752 1109 893 1146; x_wconf 81' lang='lat' dir='ltr'>vigilibus</span> <span class='ocrx_word' id='word_1_205' title='bbox 910 1109 940 1138; x_wconf 91' lang='lat' dir='ltr'>in</span> <span class='ocrx_word' id='word_1_206' title='bbox 958 1109 1096 1139; x_wconf 86' lang='lat' dir='ltr'>taberna-</span> 
     </span>
    </p>

    <p class='ocr_par' dir='ltr' id='par_1_6' title="bbox 64 1151 1099 1356">
     <span class='ocr_line' id='line_1_26' title="bbox 64 1151 1099 1189; baseline -0.002 -8"><span class='ocrx_word' id='word_1_207' title='bbox 64 1156 98 1183; x_wconf 70' lang='lat'>26</span> <span class='ocrx_word' id='word_1_208' title='bbox 106 1153 206 1181; x_wconf 85' lang='lat' dir='ltr'>culum</span> <span class='ocrx_word' id='word_1_209' title='bbox 221 1152 302 1189; x_wconf 81' lang='lat' dir='ltr'>regis</span> <span class='ocrx_word' id='word_1_210' title='bbox 320 1151 509 1189; x_wconf 80' lang='lat' dir='ltr'>perducitur,</span> <span class='ocrx_word' id='word_1_211' title='bbox 526 1160 651 1188; x_wconf 83' lang='lat' dir='ltr'>gemens</span> <span class='ocrx_word' id='word_1_212' title='bbox 668 1156 697 1180; x_wconf 86' lang='lat' dir='ltr'>et</span> <span class='ocrx_word' id='word_1_213' title='bbox 713 1155 798 1180; x_wconf 89' lang='lat' dir='ltr'>veste</span> <span class='ocrx_word' id='word_1_214' title='bbox 817 1152 957 1180; x_wconf 86' lang='lat' dir='ltr'>lacerata.</span> <span class='ocrx_word' id='word_1_215' title='bbox 1001 1151 1099 1187; x_wconf 81' lang='lat' dir='ltr'>Quem</span> 
     </span>
     <span class='ocr_line' id='line_1_27' title="bbox 107 1192 1095 1230; baseline -0.002 -7"><span class='ocrx_word' id='word_1_216' title='bbox 107 1198 139 1224; x_wconf 88' lang='lat' dir='ltr'>ut</span> <span class='ocrx_word' id='word_1_217' title='bbox 154 1193 316 1230; x_wconf 81' lang='lat' dir='ltr'>conspexit</span> <span class='ocrx_word' id='word_1_218' title='bbox 331 1195 461 1228; x_wconf 82' lang='lat' dir='ltr'>Dareus,</span> <span class='ocrx_word' id='word_1_219' title='bbox 479 1193 636 1230; x_wconf 86' lang='lat' dir='ltr'>multiplici</span> <span class='ocrx_word' id='word_1_220' title='bbox 652 1192 767 1222; x_wconf 90' lang='lat' dir='ltr'>doloris</span> <span class='ocrx_word' id='word_1_221' title='bbox 783 1192 998 1230; x_wconf 87' lang='lat' dir='ltr'>expectatione</span> <span class='ocrx_word' id='word_1_222' title='bbox 1014 1200 1095 1221; x_wconf 88' lang='lat' dir='ltr'>com-</span> 
     </span>
     <span class='ocr_line' id='line_1_28' title="bbox 107 1234 1095 1272; baseline -0.001 -7"><span class='ocrx_word' id='word_1_223' title='bbox 107 1240 207 1265; x_wconf 86' lang='lat' dir='ltr'>motus</span> <span class='ocrx_word' id='word_1_224' title='bbox 223 1240 266 1270; x_wconf 89' lang='lat' dir='ltr'>et,</span> <span class='ocrx_word' id='word_1_225' title='bbox 289 1236 361 1272; x_wconf 86' lang='lat' dir='ltr'>quid</span> <span class='ocrx_word' id='word_1_226' title='bbox 376 1234 567 1272; x_wconf 89' lang='lat' dir='ltr'>potissimum</span> <span class='ocrx_word' id='word_1_227' title='bbox 584 1235 715 1269; x_wconf 84' lang='lat' dir='ltr'>timeret,</span> <span class='ocrx_word' id='word_1_228' title='bbox 739 1234 887 1269; x_wconf 88' lang='lat' dir='ltr'>incertus,</span> <span class='ocrx_word' id='word_1_229' title='bbox 918 1236 1034 1270; x_wconf 78' lang='lat' dir='ltr'>Vultus,</span> <span class='ocrx_word' id='word_1_230' title='bbox 1051 1234 1095 1263; x_wconf 91' lang='lat' dir='ltr'>in-</span> 
     </span>
     <span class='ocr_line' id='line_1_29' title="bbox 108 1277 1096 1314; baseline -0.001 -7"><span class='ocrx_word' id='word_1_231' title='bbox 108 1277 180 1314; x_wconf 87' lang='lat' dir='ltr'>quit.</span> <span class='ocrx_word' id='word_1_232' title='bbox 203 1282 268 1307; x_wconf 77' lang='lat' dir='ltr'>mus</span> <span class='ocrx_word' id='word_1_233' title='bbox 284 1279 380 1307; x_wconf 75' lang='lat' dir='ltr'>nescio</span> <span class='ocrx_word' id='word_1_234' title='bbox 397 1278 476 1313; x_wconf 80' lang='lat' dir='ltr'>quod</span> <span class='ocrx_word' id='word_1_235' title='bbox 486 1279 588 1313; x_wconf 57' lang='lat' dir='ltr'>ingens</span> <span class='ocrx_word' id='word_1_236' title='bbox 603 1279 713 1306; x_wconf 80' lang='lat' dir='ltr'>malum</span> <span class='ocrx_word' id='word_1_237' title='bbox 728 1277 878 1314; x_wconf 78' lang='lat' dir='ltr'>praefert,</span> <span class='ocrx_word' id='word_1_238' title='bbox 890 1277 945 1306; x_wconf 88' lang='lat' dir='ltr'>sed</span> <span class='ocrx_word' id='word_1_239' title='bbox 954 1285 1025 1306; x_wconf 82' lang='lat' dir='ltr'>cave</span> <span class='ocrx_word' id='word_1_240' title='bbox 1037 1278 1096 1306; x_wconf 85' lang='lat' dir='ltr'>mi-</span> 
     </span>
     <span class='ocr_line' id='line_1_30' title="bbox 103 1320 1096 1356; baseline 0 -8"><span class='ocrx_word' id='word_1_241' title='bbox 103 1320 165 1348; x_wconf 83' lang='lat' dir='ltr'>seri</span> <span class='ocrx_word' id='word_1_242' title='bbox 173 1320 295 1349; x_wconf 77' lang='lat' dir='ltr'>home&#39;m&#39;s</span> <span class='ocrx_word' id='word_1_243' title='bbox 308 1320 429 1348; x_wconf 67' lang='lat' dir='ltr'>auribus</span> <span class='ocrx_word' id='word_1_244' title='bbox 438 1327 567 1356; x_wconf 77' lang='lat' dir='ltr'>parcas:</span> <span class='ocrx_word' id='word_1_245' title='bbox 586 1320 680 1349; x_wconf 68' lang='lat' dir='ltr'>didisse*</span> <span class='ocrx_word' id='word_1_246' title='bbox 689 1328 751 1348; x_wconf 82' lang='lat' dir='ltr'>esse</span> <span class='ocrx_word' id='word_1_247' title='bbox 762 1320 878 1354; x_wconf 57' lang='lat' dir='ltr'>infelix,</span> <span class='ocrx_word' id='word_1_248' title='bbox 896 1323 925 1348; x_wconf 81' lang='lat' dir='ltr'>et</span> <span class='ocrx_word' id='word_1_249' title='bbox 937 1327 1026 1356; x_wconf 82' lang='lat' dir='ltr'>saepe</span> <span class='ocrx_word' id='word_1_250' title='bbox 1037 1327 1096 1348; x_wconf 81' lang='lat' dir='ltr'>ca-</span> 
     </span>
    </p>

    <p class='ocr_par' dir='ltr' id='par_1_7' title="bbox 64 1361 1097 1440">
     <span class='ocr_line' id='line_1_31' title="bbox 64 1361 1097 1397; baseline -0.001 -7"><span class='ocrx_word' id='word_1_251' title='bbox 64 1364 97 1391; x_wconf 84' lang='lat'>27</span> <span class='ocrx_word' id='word_1_252' title='bbox 105 1362 243 1391; x_wconf 57' lang='lat' dir='ltr'>lumitate}</span> <span class='ocrx_word' id='word_1_253' title='bbox 253 1363 386 1391; x_wconf 75' lang='lat' dir='ltr'>solacium</span> <span class='ocrx_word' id='word_1_254' title='bbox 398 1365 447 1395; x_wconf 80' lang='lat' dir='ltr'>est,</span> <span class='ocrx_word' id='word_1_255' title='bbox 461 1369 544 1390; x_wconf 81' lang='lat' dir='ltr'>nosse</span> <span class='ocrx_word' id='word_1_256' title='bbox 554 1365 658 1390; x_wconf 81' lang='lat' dir='ltr'>sortem</span> <span class='ocrx_word' id='word_1_257' title='bbox 669 1369 762 1390; x_wconf 81' lang='lat' dir='ltr'>suam.</span> <span class='ocrx_word' id='word_1_258' title='bbox 779 1361 863 1395; x_wconf 84' lang='lat' dir='ltr'>Num,</span> <span class='ocrx_word' id='word_1_259' title='bbox 877 1362 956 1397; x_wconf 86' lang='lat' dir='ltr'>quod</span> <span class='ocrx_word' id='word_1_260' title='bbox 967 1362 1097 1389; x_wconf 60' lang='lat' dir='ltr'>mat-ime</span> 
     </span>
     <span class='ocr_line' id='line_1_32' title="bbox 105 1402 1096 1440; baseline 0 -9"><span class='ocrx_word' id='word_1_261' title='bbox 105 1404 238 1439; x_wconf 76' lang='lat' dir='ltr'>suspicor</span> <span class='ocrx_word' id='word_1_262' title='bbox 248 1407 276 1432; x_wconf 83' lang='lat' dir='ltr'>et</span> <span class='ocrx_word' id='word_1_263' title='bbox 285 1405 366 1440; x_wconf 82' lang='lat' dir='ltr'>loqui</span> <span class='ocrx_word' id='word_1_264' title='bbox 375 1404 468 1438; x_wconf 78' lang='lat' dir='ltr'>timeo,</span> <span class='ocrx_word' id='word_1_265' title='bbox 488 1403 619 1432; x_wconf 70' lang='lat' dir='ltr'>ludibria</span> <span class='ocrx_word' id='word_1_266' title='bbox 631 1411 760 1432; x_wconf 81' lang='lat' dir='ltr'>meorum</span> <span class='ocrx_word' id='word_1_267' title='bbox 772 1404 962 1432; x_wconf 75' lang='lat' dir='ltr'>nuntialurus</span> <span class='ocrx_word' id='word_1_268' title='bbox 972 1411 1010 1432; x_wconf 84' lang='lat' dir='ltr'>es.</span> <span class='ocrx_word' id='word_1_269' title='bbox 1024 1402 1096 1431; x_wconf 81' lang='lat' dir='ltr'>miln</span> 
     </span>
    </p>

    <p class='ocr_par' dir='ltr' id='par_1_8' title="bbox 64 1443 1099 1607">
     <span class='ocr_line' id='line_1_33' title="bbox 64 1443 1099 1481; baseline -0.002 -7"><span class='ocrx_word' id='word_1_270' title='bbox 64 1448 98 1474; x_wconf 78' lang='lat'>28</span> <span class='ocrx_word' id='word_1_271' title='bbox 105 1447 133 1474; x_wconf 81' lang='lat' dir='ltr'>et</span> <span class='ocrx_word' id='word_1_272' title='bbox 139 1467 145 1479; x_wconf 98' lang='lat'>,</span> <span class='ocrx_word' id='word_1_273' title='bbox 163 1448 195 1473; x_wconf 77' lang='lat' dir='ltr'>ul</span> <span class='ocrx_word' id='word_1_274' title='bbox 204 1445 308 1479; x_wconf 78' lang='lat' dir='ltr'>credo,</span> <span class='ocrx_word' id='word_1_275' title='bbox 331 1446 403 1481; x_wconf 77' lang='lat' dir='ltr'>ipsis</span> <span class='ocrx_word' id='word_1_276' title='bbox 414 1453 527 1481; x_wconf 78' lang='lat' dir='ltr'>quoque</span> <span class='ocrx_word' id='word_1_277' title='bbox 537 1446 617 1474; x_wconf 81' lang='lat' dir='ltr'>omni</span> <span class='ocrx_word' id='word_1_278' title='bbox 626 1447 756 1474; x_wconf 74' lang='lat' dir='ltr'>tristiora</span> <span class='ocrx_word' id='word_1_279' title='bbox 768 1446 912 1481; x_wconf 75' lang='lat' dir='ltr'>supple&#39;cio</span> <span class='ocrx_word' id='word_1_280' title='bbox 920 1443 935 1472; x_wconf 69' lang='lat' dir='ltr'><em>J</em></span> <span class='ocrx_word' id='word_1_281' title='bbox 957 1444 1007 1472; x_wconf 88' lang='lat' dir='ltr'>Ad</span> <span class='ocrx_word' id='word_1_282' title='bbox 1019 1443 1099 1472; x_wconf 82' lang='lat' dir='ltr'>haec</span> 
     </span>
     <span class='ocr_line' id='line_1_34' title="bbox 106 1485 1098 1524; baseline -0.001 -9"><span class='ocrx_word' id='word_1_283' title='bbox 106 1485 252 1524; x_wconf 74' lang='lat' dir='ltr'>Tyriotes,</span> <span class='ocrx_word' id='word_1_284' title='bbox 273 1487 359 1516; x_wconf 82' lang='lat' dir='ltr'>Istud</span> <span class='ocrx_word' id='word_1_285' title='bbox 366 1487 482 1523; x_wconf 76' lang='lat' dir='ltr'>quidem</span> <span class='ocrx_word' id='word_1_286' title='bbox 490 1488 598 1523; x_wconf 78' lang='lat' dir='ltr'>procul</span> <span class='ocrx_word' id='word_1_287' title='bbox 607 1487 694 1522; x_wconf 79' lang='lat' dir='ltr'>abest,</span> <span class='ocrx_word' id='word_1_288' title='bbox 719 1486 830 1523; x_wconf 86' lang='lat' dir='ltr'>inquit:</span> <span class='ocrx_word' id='word_1_289' title='bbox 853 1488 1098 1522; x_wconf 79' lang='lat' dir='ltr'>quantuscunque</span> 
     </span>
     <span class='ocr_line' id='line_1_35' title="bbox 101 1528 1095 1565; baseline -0.001 -8"><span class='ocrx_word' id='word_1_290' title='bbox 101 1529 177 1557; x_wconf 80' lang='lat' dir='ltr'>enim</span> <span class='ocrx_word' id='word_1_291' title='bbox 191 1530 303 1565; x_wconf 60' lang='lat' dir='ltr'>reginis</span> <span class='ocrx_word' id='word_1_292' title='bbox 320 1529 409 1558; x_wconf 75' lang='lat' dir='ltr'>honos</span> <span class='ocrx_word' id='word_1_293' title='bbox 427 1529 464 1557; x_wconf 80' lang='lat' dir='ltr'>ab</span> <span class='ocrx_word' id='word_1_294' title='bbox 475 1529 535 1563; x_wconf 73' lang='lat' dir='ltr'>his,</span> <span class='ocrx_word' id='word_1_295' title='bbox 559 1530 610 1565; x_wconf 76' lang='lat' dir='ltr'>qui</span> <span class='ocrx_word' id='word_1_296' title='bbox 623 1532 747 1565; x_wconf 76' lang='lat' dir='ltr'>parent,</span> <span class='ocrx_word' id='word_1_297' title='bbox 770 1528 875 1557; x_wconf 78' lang='lat' dir='ltr'>haberi</span> <span class='ocrx_word' id='word_1_298' title='bbox 885 1530 986 1564; x_wconf 79' lang='lat' dir='ltr'>potest,</span> <span class='ocrx_word' id='word_1_299' title='bbox 1009 1528 1095 1556; x_wconf 75' lang='lat' dir='ltr'>tuisa</span> 
     </span>
     <span class='ocr_line' id='line_1_36' title="bbox 104 1570 1095 1607; baseline -0.001 -9"><span class='ocrx_word' id='word_1_300' title='bbox 104 1571 209 1599; x_wconf 76' lang='lat' dir='ltr'>victore</span> <span class='ocrx_word' id='word_1_301' title='bbox 230 1574 363 1600; x_wconf 75' lang='lat' dir='ltr'>servatus</span> <span class='ocrx_word' id='word_1_302' title='bbox 384 1574 440 1605; x_wconf 79' lang='lat' dir='ltr'>est,</span> <span class='ocrx_word' id='word_1_303' title='bbox 464 1571 518 1599; x_wconf 82' lang='lat' dir='ltr'>sed</span> <span class='ocrx_word' id='word_1_304' title='bbox 533 1574 672 1600; x_wconf 76' lang='lat' dir='ltr'>uxortua</span> <span class='ocrx_word' id='word_1_305' title='bbox 681 1572 774 1607; x_wconf 75' lang='lat' dir='ltr'>paulo</span> <span class='ocrx_word' id='word_1_306' title='bbox 786 1575 853 1599; x_wconf 77' lang='lat' dir='ltr'>ante</span> <span class='ocrx_word' id='word_1_307' title='bbox 863 1570 989 1599; x_wconf 77' lang='lat' dir='ltr'>excessit</span> <span class='ocrx_word' id='word_1_308' title='bbox 999 1578 1015 1598; x_wconf 86' lang='lat' dir='ltr'>e</span> <span class='ocrx_word' id='word_1_309' title='bbox 1026 1570 1095 1598; x_wconf 76' lang='lat' dir='ltr'>vila.</span> 
     </span>
    </p>

    <p class='ocr_par' dir='ltr' id='par_1_9' title="bbox 64 1609 1095 1732">
     <span class='ocr_line' id='line_1_37' title="bbox 64 1609 1095 1648; baseline 0 -8"><span class='ocrx_word' id='word_1_310' title='bbox 64 1614 97 1641; x_wconf 78' lang='lat'>29</span> <span class='ocrx_word' id='word_1_311' title='bbox 104 1611 177 1641; x_wconf 87' lang='lat' dir='ltr'>Tum</span> <span class='ocrx_word' id='word_1_312' title='bbox 202 1619 277 1642; x_wconf 91' lang='lat' dir='ltr'>vero</span> <span class='ocrx_word' id='word_1_313' title='bbox 304 1620 365 1641; x_wconf 93' lang='lat' dir='ltr'>non</span> <span class='ocrx_word' id='word_1_314' title='bbox 392 1611 521 1648; x_wconf 87' lang='lat' dir='ltr'>gemitus</span> <span class='ocrx_word' id='word_1_315' title='bbox 549 1612 657 1646; x_wconf 88' lang='lat' dir='ltr'>modo,</span> <span class='ocrx_word' id='word_1_316' title='bbox 683 1611 740 1640; x_wconf 90' lang='lat' dir='ltr'>sed</span> <span class='ocrx_word' id='word_1_317' title='bbox 762 1611 853 1641; x_wconf 83' lang='lat' dir='ltr'>etiam</span> <span class='ocrx_word' id='word_1_318' title='bbox 874 1610 1003 1643; x_wconf 86' lang='lat' dir='ltr'>eiulatus</span> <span class='ocrx_word' id='word_1_319' title='bbox 1023 1609 1095 1640; x_wconf 89' lang='lat' dir='ltr'>totis</span> 
     </span>
     <span class='ocr_line' id='line_1_38' title="bbox 109 1651 1094 1689; baseline -0.002 -7"><span class='ocrx_word' id='word_1_320' title='bbox 109 1653 216 1682; x_wconf 88' lang='lat' dir='ltr'>castris</span> <span class='ocrx_word' id='word_1_321' title='bbox 231 1653 489 1689; x_wconf 85' lang='lat' dir='ltr'>exaudiebantur,</span> <span class='ocrx_word' id='word_1_322' title='bbox 516 1661 572 1682; x_wconf 88' lang='lat' dir='ltr'>nec</span> <span class='ocrx_word' id='word_1_323' title='bbox 594 1652 742 1683; x_wconf 86' lang='lat' dir='ltr'>dubitavit</span> <span class='ocrx_word' id='word_1_324' title='bbox 756 1654 888 1688; x_wconf 77' lang='lat' dir='ltr'>Dareus,</span> <span class='ocrx_word' id='word_1_325' title='bbox 916 1652 988 1689; x_wconf 91' lang='lat' dir='ltr'>quin</span> <span class='ocrx_word' id='word_1_326' title='bbox 1004 1651 1094 1682; x_wconf 88' lang='lat' dir='ltr'>inter-</span> 
     </span>
     <span class='ocr_line' id='line_1_39' title="bbox 106 1694 1093 1732; baseline -0.001 -9"><span class='ocrx_word' id='word_1_327' title='bbox 106 1694 184 1724; x_wconf 80' lang='lat' dir='ltr'>secta</span> <span class='ocrx_word' id='word_1_328' title='bbox 209 1699 307 1731; x_wconf 86' lang='lat' dir='ltr'>esset,</span> <span class='ocrx_word' id='word_1_329' title='bbox 333 1695 404 1732; x_wconf 89' lang='lat' dir='ltr'>quia</span> <span class='ocrx_word' id='word_1_330' title='bbox 431 1695 591 1732; x_wconf 83' lang='lat' dir='ltr'>nequisset</span> <span class='ocrx_word' id='word_1_331' title='bbox 617 1695 830 1725; x_wconf 88' lang='lat' dir='ltr'>contumeliam</span> <span class='ocrx_word' id='word_1_332' title='bbox 857 1694 984 1731; x_wconf 87' lang='lat' dir='ltr'>perpeti.</span> <span class='ocrx_word' id='word_1_333' title='bbox 1035 1694 1093 1723; x_wconf 65' lang='lat' dir='ltr'>Ex&lt;</span> 
     </span>
    </p>
   </div>
  </div>
 </body>
</html>
