1215 1895
212 66 284 95 Llss.
301 65 350 94 111.
368 65 449 94 CAP.
466 65 516 101 111,
531 68 608 95 25—
622 64 704 93 CAP.
720 65 757 100 V,
772 68 798 95 2.
816 66 863 93 [¹¹¹2
872 67 944 88 8-12-
961 66 998 93 2.]
1106 64 1128 92 9

129 140 280 172 introrsus
296 139 370 169 mari
387 139 475 176 cedit,
493 139 595 176 asperi
613 144 672 169 tres
689 139 789 169 aditus
805 144 835 170 et
855 139 1030 177 perangusti
1046 144 1127 175 sunt,

131 191 259 221 quorum
276 190 336 211 uno
355 181 457 211 Cilicia
472 181 609 210 intranda
631 186 686 211 est.
724 181 909 218 Campestris
925 182 1047 217 eadem,
1066 190 1126 218 qua

131 225 227 262 vergit
244 225 280 253 ad
298 231 394 258 mare,
416 222 570 260 planitiem
593 223 660 252 eius
682 223 797 252 crebris
814 223 1071 260 distinguentibus
1087 223 1124 252 ri-

105 267 192 297 8vis:
208 265 355 304 Pyramus
372 268 401 294 et
418 264 542 302 Cydnus
558 264 651 294 incliti
667 273 772 294 amnes
791 264 897 294 fluunt.
922 265 1047 303 Cydnus
1066 273 1125 294 non

130 308 230 346 spatio
253 314 414 344 aquarum,
444 306 500 335 sed
527 306 646 343 liquore
673 306 894 337 memorabilis:
923 307 1039 344 quippe
1066 306 1126 336 leni

130 355 228 380 tractu
243 357 260 379 e
275 348 408 378 sontibus
424 348 530 377 labens
547 356 624 385 puro
642 349 708 378 solo
726 348 885 385 excipitur,
902 356 959 378 nec
976 353 1127 378 torrentes

105 392 302 426 9incurrunt,
328 390 380 427 qui
399 390 519 426 placide
544 389 694 420 manantis
716 391 836 420 alveum
859 391 993 420 turbent:
1024 391 1128 427 itaque

129 434 324 469 incorruptus
346 431 489 469 idemque
512 431 738 469 frigidissimus,
752 449 794 454 ——
809 432 923 469 quippe
940 433 1031 461 multa
1047 432 1126 469 ripa-

129 484 194 505 rum
210 473 392 504 amoenitatc
408 473 605 508 inumbratus,
625 491 662 495 -—
682 474 796 511 ubique
814 474 947 504 sontibus
965 474 1029 503 suis
1046 473 1126 504 simi-

89 523 122 550 10
130 516 167 547 lis
183 516 212 545 in
229 524 312 545 mare
329 515 440 545 evadit.
477 515 570 545 Multa
585 515 614 544 in
632 524 668 545 ea
684 516 811 553 regione
827 520 1037 551 monumenta,
1063 516 1128 545 vul-

129 563 199 596 gata
225 557 425 592 carminibus,
454 562 591 587 vetustas
614 559 769 587 exederat.
814 558 1063 588 Monstrabantur
1077 566 1125 587 ur·

128 600 211 631 bium
228 600 329 635 sedes,
346 599 493 637 Lyrnessi
509 604 538 629 et
552 600 680 635 Thebes,
695 600 852 638 Typhonis
871 608 996 637 quoque
1012 607 1128 637 specus

130 647 160 672 ct
176 640 338 679 Corycium
355 649 478 676 nemus,
507 641 556 670 ubi
573 650 697 671 crocum
719 642 865 678 gignitur,
894 647 1074 678 ceteraque,
1097 641 1126 671 in

132 683 242 722 quibus
259 683 331 712 nihil
348 687 470 720 praeter
485 683 594 712 samam
611 684 783 713 duraverat.

91 732 119 758 11
216 724 283 761 (11)
307 725 483 754 Alexander
498 725 603 754 fauces
621 725 697 762 iugi,
722 734 800 762 quae
815 726 908 764 Pylae
925 726 1127 762 appellantur,

130 767 260 799 intravit.
306 766 534 803 Contemplatus
557 768 694 796 locorum
716 767 806 796 situm
849 776 908 797 non
931 767 1007 796 alias
1030 766 1128 803 magis

131 808 239 838 dicitur
255 808 421 838 admiratus
438 816 509 837 esse
523 808 695 838 felicitatem
709 817 811 838 suam:
826 809 913 838 obrui
927 808 1068 846 potuisse
1080 808 1128 836 rel

132 850 215 881 saxis
232 850 442 886 confitebatur,
459 850 484 879 si
498 850 637 887 fuissent,
654 850 705 887 qui
722 851 774 889 [in]
792 852 958 885 subeuntes
975 850 1128 887 propelle-

91 898 122 924 12
132 897 208 922 rent.
243 892 301 921 lter
317 891 369 920 vix
386 896 552 929 quaternos
573 893 713 930 capiebat
729 898 880 923 armatos:
902 893 1028 922 dorsum
1043 899 1127 920 mon-

132 934 170 965 tis
187 933 361 963 imminebat
382 934 450 963 viae
475 943 535 964 non
558 939 708 972 angustae
730 936 838 971 modo,
867 935 923 964 sed
947 935 1130 971 plerumque

132 979 332 1014 praeruptae,
359 976 474 1006 crebris
497 976 710 1006 oberrantibus
732 977 821 1012 rivis,
849 977 901 1014 qui
918 985 956 1005 ex
971 975 1130 1005 radicibus

91 1024 124 1050 13
132 1017 278 1048 montium
294 1023 425 1047 manant.
461 1018 594 1048 Thracas
614 1023 713 1049 tamen
730 1019 837 1048 leviter
853 1022 986 1048 armatos
1003 1025 1128 1054 praece<

132 1060 205 1090 dere
221 1059 353 1090 iusserat
369 1060 560 1096 scrutarique
577 1062 680 1096 calles,
697 1068 735 1089 ne
752 1062 890 1090 occultus
904 1059 1001 1089 hostis
1015 1059 1044 1088 in
1059 1059 1131 1088 sub-

133 1105 241 1131 euntes
257 1107 438 1138 erumperet.
477 1102 707 1139 Sagittariorum
731 1111 856 1139 quoque
871 1110 980 1131 manus
997 1109 1129 1138 occupa-

134 1147 218 1172 verat
233 1143 350 1180 iugum:
368 1142 499 1173 intentos
516 1152 606 1174 arcus
622 1144 783 1180 habebant,
805 1143 919 1179 moniti,
936 1151 997 1172 non
1014 1143 1070 1172 iter
1086 1143 1129 1179 ip-

94 1190 124 1216 14
134 1193 187 1214 sos
203 1184 294 1220 inire,
322 1186 378 1214 sed
400 1185 559 1222 proelium.
596 1187 661 1215 Hoc
683 1187 774 1215 modo
796 1194 905 1223 agmen
930 1185 1070 1222 pervenit
1091 1184 1130 1213 ad

132 1227 238 1256 urbem
253 1227 378 1263 Tarson,
395 1227 443 1256 cui
461 1231 520 1256 tum
537 1228 668 1257 maxime
679 1228 791 1257 Persae
805 1227 1006 1257 subiicIebant
1019 1226 1131 1264 ignem,

94 1274 124 1299 15
135 1277 172 1298 ne
189 1269 366 1305 opulentum
383 1269 530 1306 oppidum
546 1270 643 1299 hostis
659 1270 826 1299 invaderet.
863 1272 903 1299 At
924 1269 989 1305 ille,
1010 1269 1129 1297 Parme<

135 1310 223 1340 nione
238 1311 277 1339 ad
292 1310 489 1340 inhibendum
505 1311 680 1341 incendium
694 1320 763 1341 cum
779 1312 922 1349 expedita
938 1319 1029 1340 manu
1042 1318 1130 1347 prae-

133 1352 244 1388 misso,
267 1357 431 1389 postquam
446 1353 594 1383 barbaros
616 1354 750 1383 adventu
767 1362 892 1383 suorum
916 1354 1036 1390 fugatos
1059 1360 1134 1382 esse

135 1394 289 1431 cognovit,
306 1396 411 1424 urbem
427 1403 444 1423 a
460 1403 494 1424 se
510 1401 724 1426 conservatam
740 1395 838 1426 intrat.

533 1465 553 1494 C
563 1466 588 1493 A
597 1465 627 1493 P.
654 1466 692 1493 V.

109 1526 122 1552 1
219 1522 285 1559 (12)
312 1523 443 1554 Mediam
467 1524 592 1562 Cydnus
614 1524 727 1559 amnis,
755 1524 793 1552 de
821 1532 881 1560 quo
910 1523 1001 1560 paulo
1019 1520 1130 1565 affffi³n⁴

135 1569 205 1594 ante
222 1564 334 1594 dictum
348 1571 402 1601 est,
415 1566 568 1602 interfluit,
583 1570 612 1595 et
627 1570 698 1595 tunc
711 1570 814 1595 aestas
828 1570 899 1599 erat,
915 1564 1002 1594 cuius
1019 1571 1130 1594 01.111,⁴.

136 1607 220 1636 calor
242 1615 302 1636 non
330 1609 419 1638 aliam
441 1608 537 1645 magis
562 1616 652 1645 quam
677 1607 799 1636 Ciliciae
822 1615 905 1637 oram
921 1613 1039 1643 vapore
1056 1605 1133 1634 solis

111 1654 128 1678 2
139 1648 287 1685 accendit,
303 1655 332 1681 et
348 1650 407 1680 diei
426 1650 663 1680 fervidissimum
680 1653 800 1686 tempus
818 1654 972 1686 coeperat.
1003 1648 1133 1676 Pulvere

138 1689 224 1719 simul
242 1698 277 1719 ac
294 1693 406 1723 sudore
422 1693 580 1730 perfusum
596 1700 698 1726 regem
714 1691 851 1721 invitavit
873 1691 973 1727 liquor
988 1689 1132 1724 fluminis,
