1215 1895
328 71 402 101 LlB.
417 69 468 98 IV.
492 68 574 98 CAP.
591 69 628 103 V,
646 72 746 97 1—20.
762 70 810 97 [ιν.
823 71 908 93 21-24.
923 70 962 96 ι]
1099 66 1141 98 43

111 150 142 177 11
237 144 349 174 lisdem
372 145 434 173 sere
462 143 570 174 diebus
595 144 743 174 sollemne
765 148 829 174 erat
850 143 997 174 ludicrum
1042 152 1069 172 A.
1085 151 1123 172 332

152 186 360 221 Isthmiorum,
383 186 466 223 quod
482 190 634 216 conventu
650 185 742 216 totius
758 185 904 216 Graeciae
920 186 998 216 cele·
1020 177 1141 222 ’'affssssteff'

152 230 264 259 bratur.
299 228 333 257 ln
349 235 385 257 eo
402 226 531 257 concilio
548 227 664 263 Graeci,
686 232 718 257 ut
732 232 802 258 sunt
817 227 1000 265 temporaria
1021 226 1108 251 0¹·¹¹2›
1124 227 1141 247 ¹·

152 269 283 307 ingenia,
299 270 474 304 decernunt,
490 273 523 298 ut
534 268 708 306 quindecim
722 270 894 306 legarentur
906 270 945 299 ad
960 277 1073 306 regem,
1090 267 1142 305 qui

153 312 191 341 ob
207 320 257 341 res
273 319 328 348 pro
344 311 440 340 salute
455 318 491 339 ac
506 310 643 340 libertate
659 310 804 341 Graeciae
815 315 918 349 gestas
932 319 1076 341 coronam
1089 318 1141 339 au-

112 358 144 384 12
155 361 235 383 ream
251 353 363 383 donum
379 352 524 382 victoriae
540 353 661 382 ferrent.
700 352 794 382 Iidem
816 354 907 390 paulo
924 357 993 382 ante
1008 352 1141 381 incertae

154 396 250 425 ramae
265 398 462 431 captaverant
477 402 597 429 auram,
620 399 664 428 ut,
691 403 877 432 quocunque
892 394 1063 432 pendentes
1079 393 1141 422 ani-

153 445 219 467 mos
234 436 353 466 tulisset
368 437 496 471 fortuna,
513 441 724 472 sequerentur.

112 482 144 509 13
232 477 298 514 (23)
322 478 460 507 Ceterum
476 485 535 507 non
551 478 619 515 ipse
635 478 725 508 modo
742 487 796 508 rex
818 478 921 507 obibat
935 478 1027 508 urbes
1044 477 1144 506 adhuc

152 520 254 556 iugum
269 519 387 557 imperii
409 524 604 555 recusantes,
632 520 687 549 sed
710 525 867 557 praetores
891 527 1015 556 quoque
1035 518 1142 556 ipsius,

153 561 266 599 egregii
282 562 386 596 duces,
404 562 551 598 pleraque
566 561 750 592 invaserant.
788 561 876 591 Calas
896 559 1144 598 Paphlagoniam,

154 603 322 640 Antigonus
336 603 538 640 Lycaoniam,
560 602 715 639 Balacrus,
727 602 981 642 Hydarne,Darei
995 606 1144 638 praetore,

114 648 146 674 14
157 649 309 682 superato,
325 645 458 674 Miletum
475 645 570 682 cepit:
594 644 800 682 Amphotorus
823 649 852 674 et
866 644 1059 681 Hegelochus
1075 651 1142 672 cen-

156 692 217 716 tum
233 686 392 724 sexaginta
408 686 529 715 navium
545 687 645 715 classe
660 686 776 716 insulas
792 686 870 715 inter
884 685 1033 715 Achaiam
1054 689 1146 721 atque

155 728 259 759 Asiam
286 728 315 757 in
339 727 482 757 ditionem
505 728 672 757 Alexandri
693 729 885 765 redegerunt.
923 727 1046 756 Tenedo
1071 724 1146 763 quo-

156 778 216 807 que
230 774 368 806 recepta,
396 769 516 804 Chium,
542 769 651 799 incolis
668 770 744 799 ultro
762 769 957 804 vocantibus,
980 772 1147 797 statuerant

116 816 146 842 15
160 819 326 849 occupare:
344 811 400 840 sed
414 810 638 846 Pharnabazus,
654 811 742 840 Darei
757 815 886 847 praetor,
904 809 1146 846 comprehensis,

156 853 208 891 qui
232 861 282 883 res
309 853 347 882 ad
372 853 556 882 Macedones
582 853 754 888 trahebant,
780 861 887 882 rursus
913 851 1092 888 Apollonidi
1119 856 1148 880 et

155 894 381 931 Athenagorae,
409 903 530 924 suarum
552 895 682 932 partium
704 894 794 930 viris,
819 895 925 924 urbem
942 902 1010 923 cum
1026 893 1146 922 modico

117 941 148 967 16
158 936 312 974 praesidio
328 935 454 966 militum
470 937 566 966 tradit.
595 936 742 966 Praefecti
757 935 924 966 Alexandri
939 935 968 965 in
986 934 1147 965 obsidione

157 978 240 1008 urbis
256 978 502 1015 perseverabant,
520 987 579 1008 non
596 984 655 1008 tam
672 978 736 1008 suis
752 978 877 1015 viribus,
894 986 984 1015 quam
1001 977 1147 1014 ipsorum,

161 1020 213 1057 qui
229 1019 455 1055 obsidebantur,
471 1021 635 1050 voluntate.
669 1020 731 1049 Nec
747 1020 852 1049 fefellit
867 1019 981 1056 opinio.
1012 1019 1148 1055 Namque

158 1061 235 1091 inter
249 1061 455 1098 Apolloniden
468 1066 497 1091 et
513 1063 607 1092 duces
624 1062 748 1091 militum
762 1066 826 1091 orta
839 1061 948 1091 seditio
961 1059 1148 1098 irrumpendi

119 1106 148 1133 17
160 1102 189 1132 in
205 1102 310 1132 urbem
326 1102 519 1132 occasionem
535 1103 632 1139 dedit,
653 1111 822 1140 quumque,
838 1108 925 1140 porta
940 1103 1081 1138 effracta,
1098 1110 1149 1131 co-

159 1145 232 1174 hors
247 1144 448 1174 Macedonum
463 1144 615 1180 intrasset,
639 1144 794 1182 oppidani,
814 1145 884 1174 olim
901 1144 1029 1174 consilio
1047 1143 1148 1180 prodi—

158 1185 249 1216 tionis
265 1186 384 1222 agitato,
401 1191 566 1223 aggregant
581 1195 615 1216 se
630 1186 817 1223 Amphotero
834 1191 863 1216 et
874 1186 1063 1222 Hegelocho:
1079 1186 1149 1214 Per-

159 1235 323 1264 sarumque
343 1227 498 1264 praesidio
521 1236 612 1258 caeso
639 1228 851 1258 Pharnabazus
874 1236 941 1257 cum
962 1227 1149 1264 Apollonide

120 1272 188 1300 18et
207 1269 400 1306 Athenagora
420 1268 512 1299 vincti
539 1270 710 1306 traduntur,
737 1269 898 1300 duodecim
920 1269 1058 1299 triremes
1081 1277 1149 1298 cum

162 1319 218 1341 suo
234 1310 326 1341 milite
341 1319 376 1340 ac
391 1310 513 1348 remige,
539 1316 660 1348 praeter
675 1320 727 1342 eas
743 1312 864 1348 triginta
882 1311 998 1346 inanes,
1024 1315 1054 1340 et
1069 1311 1149 1349 pira-

158 1352 208 1382 tici
224 1352 313 1382 lembi
329 1352 576 1390 Graecorumque
591 1353 647 1383 tria
667 1354 756 1391 milia,
770 1363 788 1383 a
804 1353 905 1383 Persis
921 1353 1062 1383 mercede
1078 1362 1150 1383 con-

159 1395 257 1424 ducta.
293 1394 347 1423 His
364 1394 393 1423 in
417 1396 661 1432 supplementum
683 1396 839 1433 copiarum
862 1404 985 1425 suarum
1008 1394 1149 1424 distribu-

158 1436 196 1466 tis
213 1435 381 1473 piratisque
398 1436 549 1473 supplicio
562 1436 689 1473 affectis,
703 1437 842 1474 captivos
858 1437 991 1474 remiges
1007 1436 1149 1466 adiecere

159 1478 250 1507 classi
267 1485 351 1507 suae.

119 1523 149 1550 19
235 1518 302 1554 (24)
334 1519 424 1549 Forte
445 1519 655 1556 AriStonicus,
681 1521 964 1558 Methymnaeorum
990 1524 1148 1557 tyrannus,

159 1570 227 1591 cum
242 1560 378 1598 piraticis
395 1561 534 1597 nav-ibus,
550 1562 673 1599 ignarus
691 1562 832 1598 omnium,
850 1570 930 1599 quae
945 1561 1028 1598 apud
1045 1561 1149 1591 Chium

158 1608 225 1633 acta
240 1607 334 1639 erant,
352 1602 448 1639 prima
463 1603 565 1640 vigilia
587 1604 627 1632 ad
648 1609 755 1641 portus
777 1605 910 1634 claustra
931 1602 1084 1633 successit
1104 1603 1149 1632 in·

158 1648 391 1682 terrogatusque
413 1653 431 1674 a
453 1645 642 1681 custodibus,
669 1646 737 1683 quis
763 1650 855 1682 esset,
881 1645 1089 1675 Aristonicum
1111 1645 1150 1674 ad

117 1692 151 1718 20
159 1686 385 1716 Pharnabazum
400 1686 504 1716 venire
521 1687 688 1725 respondit.
725 1687 770 1717 llli
784 1687 1011 1717 Pharnabazum
1028 1687 1149 1724 quidem
