1215 1895
86 65 128 95 24
424 66 768 102 Q.CURT11RUF1

87 149 230 178 supremo
247 140 276 169 in
289 149 391 178 regem
405 141 506 170 officio
519 140 645 178 impigre
658 149 728 171 sese
742 142 912 171 morituras.
932 143 1111 173 Leonna-12

85 187 151 218 tus,
173 186 202 211 et
219 182 321 210 vivere
337 183 467 212 Dareum
483 187 512 212 et
526 182 611 219 ipsas
626 191 688 211 non
703 183 872 213 incolumes
888 184 995 221 modo,
1017 185 1072 213 sed

85 224 174 253 etiam
188 227 337 259 apparatu
351 223 497 260 pr1stinae
513 224 649 253 fortunae
670 225 791 262 reginas
815 226 888 254 sore.
929 225 1003 254 Tum
1020 226 1071 254 de-

85 274 167 294 mum
182 265 271 293 Darei
286 270 380 294 mater
395 265 519 294 allevari
536 274 570 294 se
585 274 680 302 passa
695 270 750 296 est.

165 305 231 342 (31)
253 306 428 336 Alexander
444 311 567 343 postero
585 307 642 343 die,
659 316 726 337 cum
742 316 815 337 cura
830 307 957 344 sepultis
973 307 1112 339 militi-13

85 349 152 383 bus,
169 356 298 384 quorum
315 356 444 384 corpora
459 348 623 384 invenerat,
638 349 798 378 Persarum
811 357 935 386 quoque
947 349 1070 378 nobilis-

85 389 170 419 simis
187 390 318 418 eundem
339 390 486 419 honorem
507 390 610 419 haberi
622 390 704 420 iubet
724 390 873 427 matrique
894 390 983 420 Darei
1004 399 1072 427 per-

84 430 174 466 mitti,
191 439 269 467 quos
286 431 384 467 vellet,
401 432 498 467 patrio
514 440 598 460 more
614 432 765 468 sepeliret.
809 433 860 461 llla
876 440 992 469 paucos
1008 436 1072 462 arta
1081 436 1112 462 14

86 472 312 509 propinquitate
333 473 514 502 coniunctos
536 481 591 509 pro
614 473 717 503 habitu
738 474 909 510 praesentis
932 475 1070 504 fortunae

86 513 201 543 humari
217 514 320 549 iussit,
342 519 522 551 apparatum
544 516 696 550 funerum,
725 524 785 552 quo
800 516 911 544 Persae
927 523 1070 552 suprema

85 555 188 584 officia
196 556 393 592 celebrarent,
406 556 590 585 invidiosum
604 557 669 586 fore
680 557 867 592 existimans,
877 565 968 593 quum
976 556 1071 586 victo-

85 605 133 626 res
150 597 231 626 haud
246 597 380 633 pretiose
397 602 612 628 cremarentur.

164 639 302 675 lamque,
319 638 406 668 iustis
419 640 631 669 defunctorum
646 639 826 676 corporibus
842 639 965 674 solutis,
982 648 1067 676 prae-
1078 644 1110 669 15

84 679 170 709 mittit
184 680 223 708 ad
240 680 393 716 captivas,
410 681 461 717 qui
478 681 664 717 nuntiarent,
680 681 781 717 ipsum
797 681 916 716 venire,
933 680 1070 710 inhibita—

84 730 144 758 que
167 721 373 751 comitantium
394 723 481 751 turba
504 723 730 752 tabernaculum
757 731 824 752 cum
845 722 1069 759 Hephaestione

83 762 180 792 intrat.
222 764 251 792 Is
274 763 363 800 longe
386 764 518 793 omnium
540 764 704 793 amicorum
726 764 900 793 carissimus
917 768 980 793 erat
995 763 1067 800 regi,
1079 768 1111 794 16

83 813 150 834 cum
173 804 240 841 ipso
264 805 374 840 pariter
395 806 557 840 educatus,
579 810 765 836 secretorum
787 805 918 835 omnium
941 805 1067 834 arbiter:

83 846 228 875 libertatiS
246 855 370 883 quoque
385 846 414 875 in
429 848 621 876 admonendo
639 856 674 877 eo
692 856 751 877 non
768 847 845 876 alius
861 847 908 876 ius
923 847 1068 875 habebat:

84 888 168 924 quod
189 892 288 917 tamen
310 888 350 917 ita
372 889 553 925 usurpabat,
581 893 613 918 ut
634 889 730 926 magis
754 898 771 917 a
786 897 857 925 rege
885 888 1069 924 permissum

83 938 174 965 quam
189 929 374 958 vindicatum
393 931 430 959 ab
447 939 484 960 eo
502 931 667 960 videretur:
685 935 714 960 et
729 930 807 960 sicut
822 935 919 960 aetate
936 938 991 966 par
1006 933 1070 958 erat

81 970 155 1007 regi,
171 970 212 1000 ita
227 971 366 1007 corporis
383 972 485 1001 habitu
502 973 685 1008 praestabat.
727 973 806 1008 Ergo
823 972 947 1008 reginae
985 971 1067 999 illum
1077 974 1108 1000 17

82 1021 153 1041 esse
168 1020 271 1048 regern
286 1017 369 1042 ratae
396 1022 451 1042 suo
468 1022 552 1043 more
563 1018 725 1043 veneratae
738 1018 816 1043 sunt.
838 1014 911 1042 Inde
924 1021 962 1042 ex
974 1011 1067 1049 capti-

81 1054 129 1083 vis
145 1054 344 1090 spadonibus,
364 1055 432 1090 quis
448 1056 623 1084 Alexander
639 1060 735 1091 esset,
751 1054 1004 1089 monstrantibus,
1021 1053 1066 1082 Si<

81 1095 239 1132 sygambis
263 1096 406 1125 advoluta
428 1101 475 1126 est
496 1097 627 1133 pedibus
649 1096 730 1132 eius⁷
756 1096 976 1133 ignorationem
992 1103 1066 1124 nun—

83 1145 172 1173 quam
188 1141 277 1166 antea
291 1137 349 1166 visi
365 1138 445 1174 regis
462 1146 624 1167 excusans.
649 1138 743 1174 Quam
755 1147 845 1167 manu
857 1138 992 1166 allevans
1004 1144 1067 1170 rex⁷

80 1179 145 1207 Non
158 1181 273 1213 errasti,
290 1179 318 1206 in
324 1179 395 1215 quit,
411 1184 512 1215 mater,
526 1189 596 1208 nam
608 1184 637 1208 et
649 1181 697 1209 hic
709 1180 883 1209 Alexander
894 1183 944 1208 est.

162 1219 228 1258 (32)
245 1220 467 1257 Equide1n‚hac
485 1221 668 1249 continentia
680 1220 770 1249 animi
784 1221 809 1249 si
825 1221 863 1249 ad
876 1220 1010 1249 ultimum
1023 1218 1065 1247 vi·
1076 1225 1108 1250 18

83 1266 129 1290 tae
140 1270 339 1297 perseverare
348 1262 508 1298 potuisset,
521 1262 686 1291 feliciorem
698 1262 793 1291 fuisse
802 1262 967 1297 crederem,
977 1268 1067 1297 quam

80 1303 167 1332 visus
184 1307 230 1332 est
246 1311 332 1338 esse,
357 1312 449 1339 quum
463 1304 564 1332 Liberi
586 1304 679 1340 patris
695 1303 860 1332 imitaretur
876 1302 1067 1339 triumphum,

81 1345 118 1373 ab
134 1345 332 1381 Hellesponto
348 1354 448 1381 usque
469 1346 508 1374 ad
525 1346 677 1374 Oceanum
694 1353 800 1374 onmes
818 1349 924 1381 gentes
940 1343 1067 1372 victoria

82 1394 235 1415 emensus.
280 1386 329 1415 Sic
355 1386 481 1416 vicisset
506 1388 643 1423 profecto
666 1386 839 1423 superbiam
866 1391 957 1422 atque
981 1384 1063 1418 iram,
1075 1390 1107 1415 19

80 1428 159 1456 mala
181 1427 307 1456 invicta:
333 1427 377 1457 sic
398 1428 596 1457 abstinuisset
616 1428 693 1457 inter
709 1429 814 1465 epulas
831 1427 976 1456 caedibus
993 1426 1065 1454 ami-

80 1476 185 1497 corum
208 1469 411 1505 egregiosque
432 1470 511 1499 bello
534 1471 616 1499 viros
640 1474 670 1499 et
683 1474 727 1499 tot
742 1469 875 1506 gentium
891 1476 996 1497 secum
1012 1468 1064 1496 do-

80 1510 204 1538 mitores
221 1510 333 1539 indicta
349 1519 443 1540 causa
458 1511 572 1540 veritus
585 1516 668 1540 esset
680 1511 830 1540 occidere.
855 1510 916 1539 Sed
931 1509 1065 1538 nondum
1073 1514 1108 1539 20

81 1552 201 1580 fortuna
217 1559 251 1580 se
266 1552 365 1581 animo
383 1552 448 1581 eius
464 1553 692 1589 superl‘uderat:
714 1553 816 1589 itaque
838 1551 982 1581 orientem
999 1558 1066 1579 eam

80 1593 234 1621 moderate
249 1597 278 1621 ct
290 1594 455 1629 prudenter
466 1595 539 1629 tulit,
553 1595 592 1623 ad
605 1594 739 1623 ultimum
751 1593 986 1630 magnitudinem
999 1590 1065 1620 eius

79 1642 139 1662 non
157 1633 246 1670 cepit.

162 1675 245 1703 Tunc
263 1675 385 1712 quidem
400 1675 440 1705 ita
457 1685 490 1705 se
506 1676 616 1713 gessit,
637 1681 669 1706 ut
684 1685 790 1706 omnes
806 1681 874 1706 ante
890 1684 958 1705 eum
973 1684 1064 1712 reges
1072 1680 1103 1705 21

1181 755 1186 771 t
