1215 1895
94 94 115 124 8
433 96 465 132 Q.
493 96 648 125 CURTIl
676 96 784 125 RUFI

94 178 150 207 ges
166 169 363 200 vehebantur.
400 170 500 200 Ultimi
516 175 601 200 erant
615 179 681 200 cum
704 171 768 200 suis
791 170 923 209 quisque
943 171 1081 209 ducibus,

96 211 148 248 qui
164 215 308 248 cogerent
322 219 440 248 agmen,
455 211 562 242 leviter
575 212 689 242 armati.
722 212 832 283 Congo.
851 213 877 242 si
900 212 968 249 quis
983 212 1079 243 aciem
1088 217 1124 243 26

92 253 295 282 Macedonum
314 252 494 289 intueretur,
517 253 621 290 dispar
637 253 730 283 facies
747 262 798 283 era
817 276 825 290 ,
842 254 930 291 equis
945 253 1082 291 virisque

96 302 155 323 non
177 302 268 330 auro,
291 302 350 323 non
368 294 513 324 discolori
535 299 633 332 veste,
655 295 711 324 sed
732 295 811 325 ferro
833 301 924 332 atque
940 303 1010 325 aere
1026 296 1081 325 ful·

95 335 246 372 gentibus.
278 336 396 372 Agmen
422 340 452 366 et
477 340 558 366 stare
580 340 717 373 paratum
738 341 767 366 et
787 337 890 374 sequi,
918 344 974 366 nec
995 337 1122 366 turbam

96 385 151 405 nec
173 376 301 406 sarcinis
324 385 505 415 praegrave,
535 377 681 407 intentum
702 378 740 407 ad
762 378 848 407 ducis
874 387 933 408 non
962 376 1080 415 signum

95 419 196 454 modo,
213 418 269 447 sed
280 418 369 448 etiam
382 423 496 449 nutum.
515 419 552 448 Et
567 418 675 448 castris
691 420 777 449 locus
793 424 822 449 et
837 418 982 450 exercitui
998 426 1080 448 com-

95 463 212 489 meatus
228 461 442 496 suppetebant.
478 461 557 497 Ergo
575 461 749 490 Alexandro
772 460 801 490 in
823 461 889 491 acic
913 460 999 490 miles
1016 468 1076 489 non
1087 464 1124 491 28

95 500 204 530 defuit:
227 501 358 537 Dareus,
382 506 480 532 tantae
501 501 698 532 multitudinis
714 510 782 537 rex,
805 502 878 537 loci,
901 502 930 531 in
948 510 1008 538 quo
1025 510 1078 538 pu-

95 542 212 578 ‘gnavit⁷
238 543 387 579 angustiis
409 544 551 573 redactus
580 547 626 573 est
654 543 693 572 ad
715 543 911 580 paucitatem,
938 551 1028 580 quam
1049 542 1079 571 in

95 581 182 612 hoste
199 588 432 621 contempserat.

524 653 577 681 CA
587 653 616 681 P.
647 653 697 680 IV.

173 710 218 745 (9)
232 711 348 740 Interea
361 711 544 745 Alexander,
558 710 754 740 Abistamene
767 710 981 747 Cappadociae
995 719 1080 747 prae·
1107 716 1117 740 1

94 751 204 788 posito,
222 751 354 780 Ciliciam
370 756 476 788 petens
494 760 560 780 cum
577 751 716 781 omnibus
732 752 829 789 copiis
845 752 898 790 [in]
915 753 1079 789 regionem,

94 800 173 829 quae
190 793 293 821 Castra
310 793 379 830 Cyri
395 794 578 829 appellatur,
596 797 785 829 pervenerat.
822 793 936 823 Stativa
951 793 1011 822 illic
1026 793 1078 822 ha-

93 834 199 863 buerat
215 834 328 871 Cyrus,
350 843 441 871 quum
458 835 607 864 adversus
625 835 770 863 Croesum
794 834 822 863 in
840 835 965 872 Lydiam
988 835 1079 864 duce-

93 880 146 904 ret.
182 875 296 905 Aberat
317 884 352 904 ca
376 876 459 912 regio
483 876 701 912 quinquaginta
723 876 820 905 stadia
841 877 879 905 ab
895 875 992 911 aditu,
1015 883 1076 912 quo
1104 881 1121 906 2

94 916 226 946 Ciliciam
242 916 403 946 intramus:
423 917 513 955 Pylas
529 917 646 946 incolae
662 917 765 946 dicunt
779 917 947 946 artissimas
964 918 1077 952 fauces,

93 958 293 994 munimenta,
316 967 393 995 quae
415 967 504 987 manu
528 957 682 995 ponimus,
705 958 831 988 naturali
855 958 913 988 situ
935 958 1078 988 imitante.

93 999 184 1035 Igitur
199 1000 359 1035 Arsames,
383 1000 434 1036 qui
451 1000 571 1029 Ciliciae
588 1004 740 1036 praeerat,
757 1004 916 1036 reputans,
933 999 1006 1036 quid
1022 999 1077 1028 ini-
1103 1003 1120 1029 3

93 1041 132 1070 tio
154 1041 224 1070 belli
245 1042 386 1070 Memnon
409 1041 574 1076 suasisset,
603 1042 755 1077 quondam
774 1041 894 1070 salubre
916 1040 1078 1070 consilium

93 1090 162 1111 sero
179 1082 288 1119 exequi
306 1082 420 1112 statuit:
444 1082 505 1118 igni
522 1083 663 1118 ferroque
681 1082 812 1111 Ciliciam
827 1087 935 1117 vastat,
951 1086 983 1111 ut
997 1080 1078 1111 hosti

92 1123 285 1153 solitudinem
303 1124 405 1153 saciat:
430 1123 573 1160 quicquid
590 1123 658 1152 usui
675 1127 776 1160 potest
797 1132 881 1157 esse,
904 1122 1077 1159 corrumpit,

92 1165 194 1194 sterile
211 1173 245 1194 ac
262 1166 375 1195 nudum
392 1166 505 1199 solum,
529 1165 612 1201 quod
628 1164 703 1194 tueri
725 1165 882 1200 nequibat,
905 1164 1076 1193 relicturus.

91 1206 152 1235 Sed
169 1207 257 1241 long-c
274 1207 374 1236 utilius
392 1206 460 1239 suit,
484 1205 639 1242 angustias
655 1205 768 1240 aditus,
787 1205 837 1241 qui
854 1205 985 1234 Ciliciam
1001 1213 1072 1241 ape-
1102 1208 1119 1233 4

90 1247 135 1282 rit,
154 1248 253 1277 valido
270 1256 422 1284 occupare
439 1247 592 1283 praesidio
609 1247 773 1283 iugumque
793 1251 963 1283 opportune
979 1246 1075 1276 itineri

90 1288 250 1318 imminens
272 1289 422 1323 obtinere,
450 1289 530 1317 unde
551 1288 663 1317 inultus
687 1289 866 1317 subeuntem
889 1287 1007 1317 hostem
1024 1291 1075 1316 aut

92 1330 251 1366 prohibere
267 1335 318 1360 aut
334 1329 505 1367 opprimere
522 1329 686 1366 potuisset:
710 1337 788 1358 nunc
805 1328 919 1365 paucis,
945 1328 996 1365 qui
1013 1329 1072 1357 cal·
1100 1331 1118 1356 Ξ»

90 1371 168 1401 libus
185 1372 402 1408 praesiderent,
418 1371 539 1406 relictis,
556 1375 635 1400 retro
652 1370 719 1407 ipse
735 1370 898 1404 concessit,
912 1371 1075 1406 populator

90 1418 202 1449 terrae,
225 1422 314 1450 quam
336 1422 353 1442 a
375 1412 623 1450 populationibus
641 1411 795 1441 vindicare
811 1412 948 1440 debebat.
984 1411 1074 1448 Ergo,

90 1455 141 1491 qui
158 1455 252 1484 relicti
268 1459 367 1490 erant,
390 1453 527 1491 proditos
550 1462 584 1482 se
606 1453 660 1482 rati
677 1462 714 1482 ne
731 1457 928 1489 conspectum
951 1451 1073 1488 quidem

89 1496 184 1526 hostis
201 1496 351 1525 sustinere
366 1497 538 1530 valuerunt,
559 1503 650 1531 quum
665 1495 713 1523 vel
731 1494 890 1531 pauciores
906 1494 1004 1523 locum
1021 1494 1073 1523 ob-

89 1537 183 1567 tinere
199 1538 379 1574 potuissent.

167 1579 234 1613 (10)
254 1580 389 1615 Namque
413 1583 560 1616 perpetuo
584 1578 653 1614 iugo
675 1577 783 1607 montis
805 1577 905 1613 asperi
927 1584 963 1605 ac
986 1584 1071 1612 prae·
1098 1580 1115 1605 6

87 1620 166 1657 rupti
184 1620 285 1649 CilIcia
304 1620 481 1650 includitur:
506 1620 588 1657 quod
605 1629 697 1656 quum
719 1627 736 1648 a
751 1618 824 1648 mari
842 1621 995 1654 assurgat,
1020 1625 1070 1646 ve-

86 1663 129 1691 lut
144 1661 212 1691 sinu
229 1663 361 1698 quodam
378 1661 523 1698 flexuque
540 1666 710 1696 curvatum,
737 1668 842 1690 rursus
864 1660 957 1688 altero
975 1667 1069 1688 cornu

86 1703 115 1732 in
133 1703 285 1733 diversum
302 1703 370 1733 litus
386 1703 526 1732 excurrit.
564 1703 619 1732 Per
634 1703 691 1731 hoc
707 1702 846 1737 dorsum,
865 1709 924 1737 qua
940 1700 1069 1729 maxime
1096 1703 1113 1730 7
