1215 1905
225 90 298 119 LlB.
313 90 393 118 VIII.
410 89 490 118 CAP.
507 89 558 124 VI,
576 93 676 118 1—21.
693 91 760 117 [vut‚
772 91 858 112 ‘zo—22.
873 90 910 116 7ι-]
1027 87 1086 119 191

57 170 89 196 12
179 164 246 201 (22)
274 164 391 194 Aderat
405 172 482 201 nox,
509 173 570 202 qua
585 163 733 194 coniurati
749 164 902 193 excubare
925 162 1087 198 debebant,

97 210 199 236 mutua
215 207 276 236 fide
291 206 376 242 laeti,
392 206 479 236 cuius
495 207 709 236 documentum
726 210 768 235 tot
783 206 849 234 dies
866 206 992 234 fuerant.
1029 205 1086 234 Ne-

97 249 208 278 minem
224 253 321 278 metus
339 256 453 284 spesve
465 252 648 277 mutaverat:
672 252 752 277 tanta
775 246 914 276 omnibus
929 247 978 275 vel
995 245 1024 275 in
1039 254 1086 275 re-

55 294 162 328 lagem
184 289 229 319 ira
249 291 298 319 vel
321 290 398 319 fides
415 289 491 319 inter
505 290 592 326 ipsos
610 289 671 318 suit.
702 289 829 318 Stabant
843 288 933 326 igitur
948 288 988 317 ad
1004 288 1088 318 sores

97 331 183 361 aedis
196 331 279 367 eius,
301 331 329 360 in
347 340 408 367 qua
429 339 483 361 rex
499 332 696 366 vescebatur,
718 335 750 360 ut
765 330 907 360 convivio
927 337 1087 366 egressum

55 373 124 404 l4in
147 373 319 403 cubiculum
340 373 536 402 deducerent.
582 373 644 402 Sed
667 373 787 402 fortuna
812 371 910 409 ipsius
933 371 1086 408 simulque

96 415 283 452 epulantium
309 414 436 444 comitas
464 415 605 452 provexit
631 423 737 444 omnes
764 414 802 443 ad
827 413 941 451 largius
967 412 1085 443 vinum:

96 456 158 486 ludi
174 457 263 486 etiam
279 456 457 486 convivales
473 461 634 486 extraxere
650 461 785 493 tempus,
806 464 886 485 nunc
902 455 1086 485 laetantibus

96 498 277 533 coniuratis,
300 498 383 535 quod
399 497 532 535 sopitum
548 498 723 535 aggressuri
739 502 858 533 essent,
880 505 960 526 nunc
973 496 1084 526 sollici-

57 545 86 570 15
96 540 148 575 tis,
171 548 209 570 ne
231 539 261 569 in
284 541 381 569 lucem
398 540 572 569 convivium
588 540 770 569 extraheret.
814 538 934 576 Quippe
956 538 1033 568 alios
1055 538 1084 567 in

96 581 256 612 stationem
272 582 433 618 oportebat
455 582 551 619 prima
566 582 634 611 luce
649 582 834 616 succedere,
857 580 995 618 ipsorum
1015 584 1084 617 pos'

96 624 258 660 septimum
280 623 360 653 diem
382 623 514 653 reditura
534 623 617 653 vice:
644 631 701 653 nec
724 631 850 660 sperare
874 626 1028 659 poterant,
1055 621 1083 651 in

55 665 168 696 16illud
191 670 311 703 tempus
335 666 475 695 omnibus
498 666 671 695 duraturam
694 665 795 694 fidem.
839 665 977 693 Ceterum
992 672 1084 700 quum

97 707 155 736 iam
172 708 221 737 lux
239 712 412 745 appeteret,
435 712 465 737 et
480 707 654 737 convivium
675 706 803 736 solvitur
825 711 854 735 et
869 705 1017 735 coniurati
1033 714 1085 735 ex—

96 754 243 786 ceperunt
256 757 367 785 regem,
385 749 469 785 laeti,
486 748 682 778 occasionem
699 748 872 785 exequendi
889 747 1015 777 sceleris
1031 748 1085 776 ad-

94 794 221 820 motam:
245 800 336 827 quum
352 791 472 826 mulier,
495 790 654 826 attonitae,
676 794 709 820 ut
725 790 872 819 creditum
888 794 949 824 est,
965 789 1085 822 mentis,

72 839 74 842 ’
95 832 272 862 conversari
288 832 317 861 in
334 833 418 869 regia
434 832 538 868 solita,
558 832 630 869 quia
652 832 796 861 instinctu
810 831 971 861 videbatur
984 832 1084 860 futura

96 874 289 911 praedicere,
310 882 370 904 non
393 874 526 904 occurrit
541 874 632 903 modo
649 873 786 908 abeunti,
811 874 867 902 sed
883 872 972 902 etiam
988 877 1084 902 semet

95 915 207 945 obiecit
222 917 368 953 vultuque
385 920 414 945 et
430 915 527 945 oculis
544 919 657 945 motum
674 916 851 952 praeferens
868 914 974 949 animi,
991 919 1023 944 ut
1039 922 1084 943 re-

53 962 84 988 17
94 957 172 986 diret
188 957 216 986 in
233 958 422 993 convivium,
444 957 574 987 monuit:
596 962 626 987 et
641 957 690 986 ille
707 965 762 994 per
782 957 886 986 ludum
905 957 984 986 bene
1007 956 1083 985 deos

95 999 226 1028 suadere
261 999 421 1036 respondit
452 999 667 1036 revocatisque
700 998 806 1028 amicis
835 998 864 1027 in
891 998 997 1028 horam
1024 996 1083 1027 diei

53 1042 188 1071 lsslerme
204 1042 369 1071 secundam
386 1040 519 1070 convivii
535 1045 654 1078 tempus
671 1040 810 1070 extraxit.
835 1041 896 1069 Iam
912 1039 962 1069 alii
978 1048 1017 1069 ex
1033 1047 1083 1068 co-

95 1083 181 1112 horte
197 1082 226 1112 in
249 1083 410 1113 stationem
433 1087 664 1117 successerant,
688 1087 758 1112 ante
780 1081 911 1111 cubiculi
934 1082 1016 1111 sores
1032 1089 1083 1110 ex-

96 1124 240 1158 cubituri,
267 1125 366 1154 adhuc
389 1129 487 1154 tamen
509 1124 656 1154 coniurati
681 1125 816 1159 stabant,
844 1123 910 1152 vice
927 1123 1020 1152 officii
1037 1121 1084 1152 sui

94 1167 232 1203 expleta:
255 1168 333 1196 adeo
357 1166 497 1203 pertinax
514 1175 587 1203 spes
609 1171 670 1202 est,
693 1174 783 1203 quam
800 1166 950 1195 humanae
966 1169 1084 1194 mentes

55 1213 85 1239 19
97 1208 230 1245 ingentia
258 1209 514 1245 concupiscentes
544 1209 778 1237 devoraverunt.
826 1208 892 1237 Rex
921 1206 1085 1244 benignius

95 1258 186 1287 quam
207 1250 283 1280 alias
305 1251 455 1280 allocutus
477 1249 638 1279 discedere
659 1258 713 1279 eos
734 1250 774 1278 ad
787 1249 922 1279 curanda
942 1257 1084 1286 corpora,

95 1292 239 1328 quoniam
256 1296 317 1322 tota
329 1296 419 1322 nocte
432 1291 645 1329 perstitissent,
661 1291 754 1321 iubet.
777 1291 854 1320 Data
869 1295 940 1320 sunt
956 1290 1084 1327 singulis

95 1333 316 1371 quinquaginta
332 1333 488 1369 sestertia,
516 1333 696 1363 collaudatis
719 1341 859 1370 quoque,
888 1333 972 1369 quod
994 1331 1082 1361 etiam

95 1374 161 1405 aliis
178 1376 287 1405 tradita
301 1376 369 1405 vice
385 1380 484 1405 tamen
501 1375 653 1404 excubare
669 1378 931 1411 perseverassent.

53 1422 88 1447 20
178 1417 246 1453 (23)
267 1417 312 1446 Illi
328 1422 410 1447 tanta
425 1425 482 1454 spe
498 1416 632 1446 destituti
650 1417 760 1446 domos
782 1417 903 1446 abeunt.
940 1415 977 1444 Et
992 1414 1083 1444 ceteri

96 1458 218 1494 quidem
231 1459 435 1495 expectabant
447 1458 586 1488 stationis
598 1466 673 1488 suae
685 1462 822 1488 noctem:
838 1456 1004 1494 Epimenes
1017 1455 1084 1485 sive

95 1499 236 1529 comitate
250 1500 349 1537 regis,
367 1508 427 1537 qua
442 1499 543 1536 ipsum
557 1500 636 1529 inter
650 1499 826 1529 coniuratos
843 1502 1022 1536 exceperat,
1038 1506 1084 1527 re-

95 1545 185 1578 pente
200 1546 348 1577 mutatus,
375 1543 442 1571 sive
464 1541 536 1578 quia
557 1541 676 1578 coeptis
698 1542 775 1571 deos
792 1542 914 1570 obstare
930 1539 1083 1573 credebat,

94 1582 176 1612 fratri
192 1592 248 1613 suo
264 1583 454 1621 Eurylocho‚
477 1591 567 1620 quem
589 1587 679 1612 antea
694 1587 850 1619 expertem
870 1590 942 1612 esse
964 1581 1083 1611 consilii

49 1628 81 1654 21
92 1625 237 1660 voluerat,
255 1625 329 1662 quid
346 1629 511 1662 pararetur,
528 1626 633 1661 aperit.
657 1624 803 1654 Omnibus
818 1624 951 1654 Philotae
966 1623 1082 1660 suppli-

91 1668 171 1696 cium
193 1666 222 1695 in
246 1666 343 1696 oculis
366 1671 439 1697 erat.
477 1667 583 1703 ltaque
599 1667 737 1704 protinus
752 1665 848 1696 iniicit
863 1665 946 1695 fratri
962 1673 1082 1694 manum

91 1712 121 1737 et
136 1708 164 1736 in
182 1708 296 1745 regiam
313 1708 452 1745 pervenit
468 1708 671 1745 excitatisque
688 1708 868 1738 custodibus
886 1706 1026 1744 corporis
1042 1706 1081 1735 ad
