1215 1905
102 93 162 124 112
441 93 472 128 Q.
504 93 656 122 CURTlI
687 93 794 121 RUFI

101 169 217 199 restitui
232 170 259 198 ei
276 176 348 197 suas
366 175 441 204 opes
457 167 560 203 iussit,
582 167 680 196 virum
703 175 826 204 quoque
841 167 971 205 requiri,
990 172 1023 198 ut
1036 176 1084 198 re-

101 215 187 247 perto
205 209 366 245 coniugem
381 209 531 238 redderet.

182 251 308 280 Postero
325 254 424 279 autem
441 249 489 279 die
505 248 660 286 praecepit
674 249 908 286 Hephaestioni,
930 254 963 280 ut
978 258 1083 280 omnes
1096 255 1113 280 9

100 292 239 329 captivos
255 291 284 320 in
300 292 414 328 regiam
429 291 546 320 iuberet
560 290 680 320 adduci.
713 290 757 319 lbi
773 290 961 327 singulorum
977 291 1083 321 nobili-

101 339 160 363 tate
182 337 333 370 spectata,
357 332 489 362 secrevit
504 341 522 361 a
537 333 644 368 vulgo,
667 340 796 368 quorum
812 332 963 362 eminebat
977 340 1084 368 genus.

99 375 181 404 Mille
196 374 227 403 hi
243 375 256 403 s
258 378 378 403 uerunt:
400 374 478 403 inter
494 382 572 410 quos
587 377 726 409 repertus
748 377 795 402 est
809 373 973 409 Oxathres,
995 373 1084 404 Darei

100 417 199 451 frater,
208 424 268 445 non
277 415 357 444 illius
367 416 486 444 fortuna
495 422 585 451 quam
594 414 695 444 indole
703 414 794 443 animi
803 414 849 444 sui
859 414 977 444 clarior.
986 414 1048 444 Sex
1056 419 1085 444 et
1095 420 1125 445 10

99 457 204 493 viginti
217 456 297 485 milia
309 456 453 486 talentum
465 456 605 493 proxima
616 456 730 493 praeda
741 456 864 485 redacta
872 460 971 485 erant:
985 464 1002 485 e
1015 455 1083 493 quis

100 498 261 528 duodecim
277 498 357 527 milia
373 497 402 526 in
420 497 607 534 congiarium
622 496 747 526 militum
759 497 920 534 absumpta
934 501 1012 526 sunt.
1028 497 1084 526 Par

99 539 169 569 huic
184 539 332 576 pecuniae
347 547 463 568 summa
476 539 637 568 custodum
650 539 754 567 fraude
768 539 920 568 subtracta
932 543 987 568 est.
1004 538 1084 576 Oxy-
1095 544 1123 569 11

100 582 185 611 dates
207 585 271 610 erat
292 581 402 610 nobilis
423 581 547 615 Perses,
576 580 627 616 qui
646 589 664 609 a
679 581 776 609 Dareo
794 579 915 616 capitali
930 580 1082 616 supplicio

100 622 269 652 destinatus
278 622 476 651 cohibebatur
487 622 516 650 in
531 620 674 650 vinculis:
690 621 759 650 huie
772 621 898 650 liberato
912 625 1083 657 satrapeam

99 664 218 693 Mediae
244 663 391 693 attribuit:
420 664 603 699 fratremque
627 663 715 691 Darei
737 662 853 698 recepit
874 662 904 690 in
927 662 1084 692 cohortem

99 705 274 739 amicorum,
293 704 373 734 omni
389 708 526 734 vetustae
542 703 684 733 claritatis
697 703 813 733 honore
829 708 960 733 servato.

182 747 228 781 (6)
243 746 320 775 Hinc
336 745 365 775 in
381 745 558 775 Parthienen
570 749 747 782 perventum
764 749 819 781 cst,
836 749 906 774 tune
922 744 1085 781 ignobilem
1096 749 1126 775 12

100 792 229 825 gentem,
246 796 325 817 nunc
342 792 433 824 caput
448 787 588 821 omnium,
607 786 657 823 qui
673 786 924 823 postEuphraten
939 785 1084 822 etTigrim

100 837 206 859 amnes
231 829 280 858 siti
304 829 395 858 rubro
422 828 496 857 mari
525 827 729 857 terminantur.
772 827 905 865 Scythae
930 827 1086 864 regionem
1094 833 1124 858 13

101 875 300 907 campestrem
316 878 352 899 ac
368 869 493 899 fertilem
509 873 744 905 occupaverunt,
760 877 870 905 graves
883 868 983 898 adhuc
995 877 1083 898 acco-

101 913 157 941 lae.
181 911 278 941 Sedes
294 912 405 941 habent
420 915 450 941 et
464 910 493 940 in
509 911 632 947 Europa
647 915 676 940 et
690 910 719 939 in
730 910 819 939 Asia:
837 910 888 946 qui
904 918 997 947 super
1007 911 1083 940 Bos-

101 953 208 990 porum
224 954 342 987 colunt,
358 952 571 982 adscribuntur
585 951 693 981 Asiae:
709 956 740 980 at
755 951 806 988 qui
821 951 850 980 in
866 952 989 988 Europa
1005 956 1083 987 sunt,

101 1004 119 1023 a
134 996 221 1023 laevo
237 994 382 1023 Thraciae
398 995 490 1023 latere
503 993 541 1022 ad
553 992 776 1031 Borysthenem
788 998 878 1029 atque
894 993 964 1022 inde
980 993 1018 1022 ad
1029 994 1084 1022 Ta-

101 1036 189 1071 nz‘iim,
207 1035 297 1064 alium
312 1044 439 1070 amnem,
455 1039 537 1064 recta
553 1036 643 1071 plaga
656 1034 789 1064 attinent.
811 1034 920 1064 Tanais
932 1034 1085 1071 Europam
1095 1039 1124 1064 14

102 1082 131 1107 et
146 1077 250 1106 Asiam
266 1077 384 1106 medius
399 1076 552 1106 interfluit.
591 1076 653 1105 Nec
669 1074 835 1111 dubitatur,
854 1075 925 1113 quin
942 1075 1083 1113 Scythae,

103 1119 154 1156 qui
165 1119 292 1148 Parthos
305 1118 480 1154 condidere,
496 1126 556 1148 non
570 1126 587 1147 a
599 1117 746 1154 Bosp5r0‚
766 1118 821 1147 sed
833 1126 871 1147 ex
882 1117 1023 1154 Europae
1038 1125 1083 1146 re-

102 1160 193 1196 gione
209 1160 443 1196 penetraverint.

184 1202 263 1231 Urbs
279 1207 343 1231 erat
358 1210 394 1230 ca
408 1206 589 1239 tempestate
604 1202 685 1231 clara
699 1199 947 1238 Hecatompylos,
965 1199 1086 1229 condita
1096 1204 1125 1228 15

102 1251 120 1271 a
135 1242 273 1272 Graecis:
300 1242 340 1272 ibi
362 1242 472 1272 stativa
491 1251 545 1272 rex
566 1242 683 1276 habuit,
711 1241 928 1272 commeatibus
949 1240 1085 1277 undique

103 1283 249 1313 advectis.
273 1285 378 1321 ltaque
392 1292 508 1321 rumor,
524 1283 614 1314 otiosi
628 1282 728 1313 militis
744 1282 864 1318 vitium,
880 1282 946 1312 sine
962 1286 1084 1312 auctore

102 1325 298 1362 percrebruit,
312 1334 415 1362 regem
427 1330 599 1356 contentum
610 1325 711 1361 rebus,
726 1333 802 1361 quas
815 1324 972 1360 gessisset,
984 1324 1013 1353 in
1022 1323 1085 1352 Ma-

103 1366 263 1396 cedoniam
277 1367 415 1403 protinus
430 1368 530 1397 redire
546 1366 698 1397 statu1sse.
728 1366 906 1396 Discurrunt
921 1365 1085 1403 lymphatiS
1098 1369 1125 1394 16

104 1408 218 1438 similes
238 1408 267 1437 in
288 1409 482 1438 tabernacula
504 1413 533 1438 et
553 1408 651 1438 itineri
672 1407 808 1437 sarcinas
824 1411 942 1444 aptant:
966 1406 1085 1443 signum

103 1450 205 1479 datum
222 1450 378 1485 crederes,
394 1455 426 1480 ut
442 1459 516 1480 vasa
532 1450 717 1487 colligerent.
755 1448 837 1479 Totis
854 1448 961 1478 castris
977 1448 1083 1477 tumul-

103 1497 152 1520 tus
173 1491 243 1520 hinc
266 1492 498 1521 contubernales
521 1500 594 1521 suos
616 1490 848 1528 requirentium,
871 1491 940 1519 hinc
957 1497 1083 1520 oneran-

103 1534 176 1561 tium
191 1533 326 1569 plaustra
341 1535 489 1570 perfertur
504 1534 541 1562 ad
556 1541 668 1570 regem.
710 1532 856 1562 Fecerant
870 1532 960 1561 fidem
973 1530 1086 1560 rumori
1096 1535 1124 1561 17

103 1578 216 1603 temere
227 1575 348 1611 vulgato
367 1574 473 1605 Graeci
485 1574 602 1609 milites,
619 1574 719 1604 redire
731 1573 807 1604 iussi
820 1574 937 1609 domos,
955 1580 1083 1610 quorum

103 1616 256 1652 equitibus
270 1616 396 1652 singulis
409 1616 565 1646 denarium
579 1625 653 1646 sena
665 1615 746 1645 milia
760 1616 841 1645 dono
854 1615 988 1644 dederat.
1004 1613 1083 1650 Ipsis

105 1665 228 1693 quoque
254 1657 344 1687 finem
369 1658 490 1688 militiae
515 1659 626 1687 adesse
651 1657 823 1687 credebant.
866 1656 955 1685 Haud
984 1658 1126 1690 secus‚18

108 1707 198 1735 quam
210 1707 265 1735 par
279 1703 350 1734 erat,
367 1699 486 1729 territus
502 1700 684 1734 Alexander,
701 1698 753 1735 qui
767 1698 860 1727 Indos
876 1702 966 1734 atque
982 1696 1084 1726 ultima
