1215 1905
243 99 313 128 1213.
327 99 375 128 lx.
390 98 471 127 CAP.
486 98 519 133 11,
533 102 633 127 1-23,
658 107 707 134 nx,
720 109 776 129 7—9.
791 107 829 134 ι]
989 97 1050 127 219

20 175 166 208 lslndiae
184 183 239 212 per
256 175 307 204 hos
329 174 392 203 dies
416 174 452 202 de
475 174 622 202 industria
637 182 699 203 esse
721 175 846 203 iactata:
863 173 917 202 sed
928 181 986 202 non
1009 177 1052 202 est

59 218 217 254 improvisa
229 217 304 246 vobis
319 217 514 245 mentientium
529 217 652 244 vanitas.
688 215 738 244 Sic
753 215 872 244 Ciliciae
879 215 994 251 fauces,
1007 217 1050 245 sic

59 259 288 295 Mesopotamiae
305 265 431 294 campos,
457 257 558 292 Tiarin
571 261 599 286 et
618 257 800 293 Euphraten,
824 265 947 293 quorum
971 258 1049 286 alte-

59 309 125 329 rum
151 301 226 329 vado
246 301 440 333 transivimus,
469 300 592 327 alterum
612 302 708 334 ponte,
734 299 891 327 terribilem
912 298 1051 333 fecerant

20 343 178 372 14Persae.
220 342 377 378 Nunquam
399 341 442 369 ad
459 340 601 376 liquidum
621 340 708 375 sama
723 340 919 376 perducitur:
942 342 1049 375 omnia,

59 385 112 412 illa
123 384 264 419 tradente,
277 384 391 412 maiora
404 386 472 410 sunt
483 390 558 411 vero.
596 382 703 410 Nostra
715 389 827 418 quoque
838 383 945 417 qloria,
961 390 1048 418 quum

19 426 93 456 lssit
103 434 142 454 ea:
162 426 261 459 solido,
277 426 348 461 plus
360 428 456 452 tamen
469 424 556 453 habet
569 425 699 458 nominis,
716 431 803 460 quam
821 425 927 460 operis.
961 424 1050 453 Modo

59 468 124 502 quis
135 467 234 496 beluas
245 466 399 502 offerentes
417 467 559 494 moenium
577 467 710 501 speciem,
729 467 794 501 quis
804 465 966 502 Hydaspen
981 473 1050 493 am-

60 516 139 543 nem,
164 510 228 544 quis
248 512 345 538 cetera
360 507 464 536 auditu
483 508 598 535 maiora
613 515 700 543 quam
720 514 788 535 vero
808 508 950 536 sustinere
962 514 1051 543 posse

58 549 217 578 credebat?
261 551 334 579 Olim
346 550 463 578 hercule
477 548 655 585 fugissemus
665 557 704 577 ex
717 549 795 581 Asia,
815 550 842 577 si
858 556 911 577 nos
925 548 1051 583 fabulae

21 594 53 621 16
61 591 208 620 debellare
223 592 390 628 potuissent.
436 590 604 624 Creditisne,
622 590 844 626 elephantorum
862 597 968 625 qreqes
981 597 1049 618 ma—

61 634 137 661 iores
149 642 218 668 esse,
235 641 322 669 quam
341 640 463 669 usquam
483 636 681 661 armentorum
702 635 775 665 sunt,
796 639 884 667 quum
900 635 929 660 et
945 639 1049 660 rarum

59 675 97 702 sit
121 676 234 704 animal
255 683 308 704 nec
328 674 422 710 facile
442 675 581 710 capiatur
600 675 745 710 multoque
764 673 918 708 difficilius
931 674 1049 709 mitiqe-

19 718 51 745 17
59 714 129 744 tur?
172 717 261 753 Atqui
276 717 379 745 eadem
398 717 512 744 vanitas
525 716 627 751 copias
643 716 777 752 peditum
793 716 976 752 equitumque
989 722 1049 742 nu-

59 759 191 786 meravit.
234 758 309 786 Nam
326 760 445 794 flumen,
467 765 523 793 quo
538 758 626 786 latius
637 757 741 792 fusum
757 760 807 791 est,
832 757 886 785 hoc
899 756 1050 793 placidius

58 803 194 835 staqnat:
219 801 328 835 quippe
351 801 482 835 anqustis
506 800 581 834 ripis
604 800 731 828 coercita
754 803 781 827 et
797 799 828 826 in
853 799 1050 833 anqustiorem

58 842 171 870 alveum
184 842 257 869 elisa
280 843 421 869 torrentes
440 848 534 875 aquas
554 841 709 869 invehunt:
729 843 832 869 contra
858 841 953 876 spatio
975 839 1050 868 alvei

21 883 174 918 leseqnior
187 890 291 911 cursus
307 885 357 911 est.
400 881 560 910 Praeterea
578 883 608 910 in
627 883 698 918 ripa
720 889 803 910 omne
817 882 983 918 periculum
999 884 1048 914 est,

58 924 108 952 ubi
127 925 312 960 applicantes
326 924 445 958 naviqia
463 923 551 951 hostis
565 927 709 960 expectat.
752 923 809 957 Ila,
829 926 1048 960 quantumcun-

58 973 114 1001 que
126 967 236 1001 flumen
253 966 419 999 intervenit,
440 965 516 993 idem
534 964 670 999 futurum
686 965 841 994 discrimen
856 968 899 993 est
916 964 1048 993 evaden-

59 1008 129 1035 tium
144 1008 174 1035 in
189 1010 309 1035 terram.

19 1051 51 1079 19
139 1047 185 1082 (9)
207 1048 269 1077 Sed
283 1049 381 1077 omnia
399 1050 455 1077 ista
473 1056 543 1076 vera
562 1056 623 1076 esse
642 1049 797 1084 finqamus.
844 1047 983 1076 Utrumne
1002 1055 1050 1076 vos

59 1090 232 1126 maqnitudo
253 1090 422 1125 beluarum,
445 1098 485 1118 an
508 1090 659 1118 multitudo
682 1090 803 1119 hostium
818 1087 927 1118 terret?
967 1089 1052 1123 Quod

57 1133 185 1168 pertinet
194 1132 237 1159 ad
248 1132 426 1168 elephantos,
433 1140 580 1168 praesens
591 1132 729 1161 habemus
740 1133 924 1168 exemplum:
942 1133 972 1160 in
984 1138 1050 1159 suos

58 1174 251 1202 vehementius
276 1182 364 1209 quam
389 1175 419 1202 in
441 1181 494 1202 nos
515 1174 720 1203 incurrerunt:
748 1178 806 1203 tam
819 1177 901 1202 vasta
922 1181 1049 1209 corpora

57 1215 206 1244 securibus
225 1215 414 1252 falcibusque
436 1217 571 1244 mutilata
594 1219 669 1244 sunt.
714 1216 792 1250 Quid
812 1218 908 1244 autem
922 1216 1048 1249 interest,

59 1257 174 1286 totidem
189 1258 254 1291 sint,
277 1261 346 1293 quot
366 1258 461 1286 Porus
481 1257 590 1292 habuit,
617 1265 657 1285 an
678 1259 736 1286 tria
757 1258 847 1291 milia,
872 1265 969 1293 quum,
992 1264 1050 1285 uno

59 1302 111 1327 aut
124 1300 216 1328 altero
235 1300 401 1334 vulneratis,
419 1302 528 1328 ceteros
545 1300 575 1327 in
591 1299 700 1334 suyam
714 1299 861 1328 declinari
877 1296 1050 1327 videamus?

58 1340 173 1369 Deinde
187 1348 301 1377 paucos
322 1349 434 1377 quoque
449 1341 628 1370 incommode
642 1344 764 1376 repunt:
783 1343 963 1376 conyreqata
982 1347 1050 1368 vero

58 1384 99 1411 tot
107 1384 189 1411 milia
202 1384 267 1419 ipsa
281 1391 312 1411 se
322 1383 442 1417 elidunt⁷
460 1383 511 1411 ubi
528 1391 581 1411 nec
599 1386 679 1411 stare
701 1391 754 1411 nec
774 1382 883 1418 fuqere
903 1383 1051 1418 potuerint

58 1424 201 1453 inhabiles
215 1428 361 1453 vastorum
379 1432 535 1460 corporum
553 1425 650 1453 moles.
691 1424 835 1460 Equidem
850 1425 892 1452 sic
906 1424 1050 1452 animalia

58 1466 113 1494 ista
126 1468 292 1503 contempsi,
309 1470 347 1500 ut,
364 1475 452 1502 quum
466 1466 611 1500 haberem,
631 1467 694 1503 ipse
712 1473 769 1495 non
787 1466 980 1502 opposuerim‚
995 1472 1050 1493 sa-

57 1509 92 1536 tis
99 1516 224 1543 qnarus,
232 1509 302 1544 plus
313 1509 373 1537 suis
384 1516 472 1544 quam
485 1507 611 1536 hostibus
618 1508 749 1543 periculi
761 1507 885 1542 inferre.
922 1506 961 1534 At
972 1507 1050 1535 enim

57 1551 184 1586 equitum
199 1551 389 1586 peditumque
402 1549 556 1578 multitudo
574 1557 621 1578 vos
638 1547 811 1578 commovet!
856 1548 925 1576 Cum
943 1549 1050 1584 paucis

58 1593 134 1620 enim
149 1600 289 1628 puqnare
301 1593 382 1621 soliti
391 1593 458 1620 estis
472 1595 500 1620 et
517 1599 596 1620 nunc
612 1592 741 1627 primum
759 1590 939 1619 inconditam
958 1590 1049 1618 susti-

57 1633 158 1662 nebitis
175 1634 300 1662 turbam.
348 1633 436 1662 Testis
461 1633 604 1661 adversus
627 1632 837 1661 multitudinem
852 1632 952 1660 invicti
974 1631 1050 1659 Ma·-

58 1675 199 1704 cedffnum
214 1676 326 1704 roboris
343 1676 489 1703 Granicus
506 1675 601 1703 amnis
620 1678 648 1702 et
661 1674 763 1702 Cilicia
780 1673 925 1702 inundata
943 1680 1050 1702 cruore

59 1716 217 1746 Persarum
231 1721 259 1746 et
271 1717 387 1751 Arbela,
401 1718 483 1746 cuius
500 1717 601 1753 campi
618 1716 794 1744 devictorum
813 1723 832 1743 a
846 1715 926 1743 nobis
939 1714 1050 1743 ossibus
