1215 1895
109 71 150 101 56
453 70 486 106 Q.
510 70 665 100 CURTII
686 70 795 100 RUFI

108 150 203 183 paret.
224 146 317 182 Igitur
332 145 412 174 edita
427 145 457 174 in
473 146 581 182 vulgus
594 145 815 183 Aegyptiorum
827 154 978 183 responsa
988 155 1097 178 rursus

108 189 148 217 ad
165 196 251 224 spem
268 192 297 216 et
312 187 455 216 fiduciam
470 194 596 216 erexere
612 191 777 224 torpentes.

190 228 256 265 (40)
277 230 345 258 Rex
365 229 480 265 impetu
501 228 671 259 animorum
693 229 838 258 utendum
853 234 936 259 ratus
959 231 1124 260 secunda8

110 270 214 307 vigilia
230 274 330 300 castra
345 270 453 300 movit:
470 271 578 299 dextra
592 270 702 306 Tigrim
717 270 862 306 habebat,
878 279 896 300 a
911 272 998 300 laeva
1013 279 1095 301 mon-

110 317 165 347 tes,
175 320 254 349 quos
263 312 443 350 Gordyaeos
453 316 572 341 vocant.
585 312 651 340 Hoc
659 311 799 348 ingresso
811 312 868 341 iter
876 313 1092 349 speculatores,
1105 317 1122 342 9

111 354 162 391 qui
184 353 346 390 praemissi
368 357 468 388 erant,
496 354 553 382 sub
575 352 652 382 lucis
674 358 771 383 ortum
786 354 916 383 Dareum
932 355 1095 384 adventare

109 396 331 425 nuntiaverunt.
370 396 519 424 Instructo
536 394 625 431 igitur
639 394 731 424 milite
746 399 775 425 et
791 395 962 432 composito
978 395 1095 432 agmine

111 437 317 467 antecedebat.
342 436 403 466 Sed
417 437 578 466 Persarum
593 441 760 467 moratores
776 442 875 471 erant,
898 437 978 466 mille
994 438 1095 471 ferme,
1105 441 1138 465 10

111 478 161 516 qui
176 478 312 516 speciem
328 478 427 515 magni
443 477 570 514 agminis
584 478 731 508 fecerant:
749 478 863 515 quippe
878 478 930 508 ubi
943 478 1095 515 explorari

112 529 183 550 vera
197 528 258 550 non
275 524 414 556 possunt,
431 520 508 549 falsa
522 527 576 556 per
589 524 700 549 metum
712 525 868 556 augentur.
890 520 944 549 His
956 519 1094 557 cognitIS,
1104 523 1134 548 11

111 571 164 591 rex
177 570 244 591 cuin
265 561 370 598 paucis
388 570 513 591 suorum
527 566 689 591 assecutus
705 570 812 598 agmen
829 561 1040 598 refugientium
1055 561 1094 589 ad

110 612 193 637 suos,
211 604 288 632 alios
305 603 422 637 cecidit,
439 603 515 632 alios
530 602 624 639 cepit:
642 602 823 639 equitesque
836 603 992 639 praemisit
1004 602 1094 631 simul

110 646 314 682 speculatum,
331 645 418 673 simul
435 649 467 673 ut
481 644 596 681 ignem,
617 652 676 680 quo
693 644 813 673 barbari
830 648 1037 674 cremaverant
1051 643 1094 672 vi-

110 696 173 721 cos,
191 686 410 722 extinguerent.
434 686 551 722 Quippe
569 686 716 721 l'ugientes
732 686 838 723 raptim
855 685 941 715 tectis
957 684 1089 715 acervis-
1101 688 1133 713 12

111 737 170 766 que
184 728 322 757 frumenti
338 728 503 757 iniecerant
524 727 676 762 flammas,
705 735 798 763 quae,
822 736 914 763 quum
929 727 959 756 in
976 734 1092 756 summo

109 769 292 804 haesissent,
308 770 347 798 ad
364 769 507 799 inferiora
522 770 656 798 nondum
672 773 913 805 penetraverant.
953 768 1092 797 Extincto
1104 770 1134 797 13

109 812 200 849 igitur
221 812 304 848 igne,
332 811 493 848 plurimum
508 811 647 840 frumenti
663 814 815 846 repertum
830 814 890 839 cst:
919 809 1008 846 copia
1023 809 1093 838 alia-

109 862 176 883 rum
189 861 312 890 quoque
325 861 424 882 rerum
439 853 594 881 abundare
610 856 785 888 coeperunt.
807 852 851 880 Ea
863 860 912 880 res
928 851 996 888 ipsa
1010 850 1094 880 militi

111 896 150 924 ad
167 895 413 932 persequendum
426 894 544 923 hostem
556 893 687 922 animum
698 893 845 922 incendit:
863 892 977 929 quippe
988 896 1094 922 urente

111 941 140 966 et
167 938 332 973 populante
359 944 395 965 eo
418 940 542 970 terram,
569 935 771 964 festinandum
794 938 872 970 erat,
895 943 932 964 ne
953 933 1093 963 incendio

111 983 220 1008 cuncta
236 977 434 1015 praeciperet.
458 979 489 1006 ln
505 977 650 1006 rationem
664 985 735 1013 ergo
749 975 916 1005 necessitas
930 984 1019 1005 versa
1034 978 1136 1005 est:14

112 1020 227 1057 quippe
253 1020 412 1054 Mazaeus,
441 1019 491 1055 qui
514 1023 602 1047 antea
625 1026 678 1055 per
700 1018 792 1047 otium
807 1017 893 1047 vicos
910 1017 1094 1051 incenderat,

112 1062 169 1090 iam
196 1063 300 1098 fugere
327 1065 486 1090 contentus
515 1061 659 1096 pleraque
689 1059 833 1088 inviolata
857 1058 938 1089 hosti
962 1057 1092 1095 reliquit.

111 1103 286 1132 Alexander
302 1103 383 1132 haud
398 1102 518 1139 longius
541 1106 660 1130 centum
685 1100 902 1137 quinquaginta
917 1099 1023 1129 stadiis
1038 1100 1095 1128 Da-
1105 1103 1136 1128 15

111 1149 195 1174 reum
211 1153 228 1173 a
244 1153 278 1174 se
293 1145 404 1174 abesse
420 1147 617 1180 compererat.
662 1143 767 1179 Itaque
783 1143 821 1171 ad
838 1142 1005 1171 satietatem
1021 1149 1095 1178 quo-

113 1195 173 1223 que
198 1186 287 1222 copia
314 1190 534 1215 commeatuum
561 1185 723 1213 instructus
752 1183 912 1220 quatriduo
934 1183 964 1212 in
986 1183 1094 1212 eodem

113 1230 180 1257 loco
197 1227 339 1257 substitit.

193 1270 382 1305 Interceptae
398 1268 508 1297 deinde
524 1267 611 1297 Darei
629 1267 743 1296 litterae
759 1270 842 1301 sunt,
861 1265 972 1302 quibus
988 1264 1138 1295 Graeci16

113 1311 221 1340 milites
238 1311 491 1345 sollicitabantur,
514 1314 546 1338 ut
560 1317 661 1345 regem
678 1313 729 1338 aut
743 1308 946 1337 interficerent
961 1312 1012 1337 aut
1026 1315 1095 1344 pro-

113 1353 234 1382 derent:
254 1352 477 1388 dubitavitque,
493 1360 530 1380 an
547 1359 599 1380 eas
617 1359 671 1387 pro
689 1350 836 1380 concione
851 1349 1005 1384 recitaret,
1022 1348 1095 1378 satis

114 1395 249 1423 confisus
259 1394 443 1423 Graecorum
456 1401 579 1430 quoque
592 1400 663 1429 erga
680 1400 713 1421 se
728 1391 951 1421 benivolentiae
965 1399 1001 1419 ac
1014 1389 1095 1418 fidei.

115 1435 177 1464 Sed
196 1435 352 1464 Parmenio
376 1434 534 1469 deterruit,
553 1442 613 1463 non
637 1441 707 1463 esse
728 1432 838 1462 talibus
861 1431 1020 1469 promissis
1042 1431 1095 1460 im·
1105 1435 1137 1461 17

114 1478 250 1507 buendas
267 1485 356 1506 aures
373 1476 497 1506 militum
513 1476 681 1505 affirmans:
698 1479 802 1512 patere
815 1474 862 1502 vel
874 1473 963 1502 unius
976 1472 1095 1502 insidiis

113 1527 230 1555 regem:
258 1518 330 1547 nihil
348 1519 433 1548 nefas
449 1526 520 1548 esse
535 1516 688 1547 avaritiae.
712 1516 842 1546 Secutus
859 1514 979 1544 consilii
993 1518 1096 1543 aucto-
1105 1517 1139 1543 18

114 1568 176 1589 rem
193 1565 293 1589 castra
309 1560 409 1589 movit.

197 1600 264 1637 (41)
286 1603 345 1631 Iter
361 1601 481 1631 facienti
497 1602 594 1637 spado
611 1609 628 1630 e
645 1599 782 1636 captivis,
801 1598 852 1636 qui
868 1597 956 1628 Darei
972 1604 1098 1626 uxorem

114 1644 343 1677 comitabantur,
358 1643 489 1673 deficere
506 1651 572 1672 eam
587 1642 703 1671 nuntiat
718 1645 747 1671 et
761 1640 811 1669 vix
827 1639 965 1676 spiritum
973 1639 1095 1668 ducere.
1106 1642 1142 1668 19

113 1684 232 1714 Itineris
248 1684 382 1714 continui
399 1685 502 1714 labore
515 1683 667 1720 animique
680 1681 868 1719 aegritudine
885 1681 1006 1717 fatigata
1020 1679 1098 1709 inter
