1215 1895
240 70 312 100 ΗΒ.
329 68 376 97 111.
399 67 481 98 CAP.
497 67 547 103 vl,
565 66 720 97 7—cAP.
738 66 802 102 vll,
817 69 844 96 8.
868 68 915 94 [ΙΙΙ.
933 67 1015 90 14-17,
1036 67 1078 94 z.]
1140 65 1180 96 13

185 153 221 176 se
242 146 373 183 quisque
395 144 532 173 dextram
558 142 624 172 eius
647 143 778 179 amplexi
799 145 900 179 grates
923 142 1077 172 habebant
1099 143 1180 173 velut

185 187 339 224 praesenti
361 186 429 215 deo.
461 185 598 221 Namque
615 184 695 214 haud
712 185 799 213 facile
816 184 898 213 dictu
914 188 976 220 est,
999 188 1120 221 praeter
1134 184 1178 213 in-

184 229 315 266 genitam
331 227 373 257 illi
388 226 469 264 genti
485 234 558 263 erga
573 233 662 262 reges
679 234 753 255 suos
770 225 1011 262 venerationem,
1032 230 1177 263 quantum

185 271 275 300 huius
296 270 401 306 utique
424 269 506 305 regis
529 269 577 297 vel
594 267 784 297 admirationi
801 268 1023 298 dediti'i'uerint
1037 269 1085 297 vel
1101 268 1177 297 cari-

145 317 177 344 18
186 317 245 342 tate
261 309 463 349 flagraverint.
488 310 548 339 Iam
561 309 688 346 primum
702 309 773 338 nihil
787 310 852 338 sine
865 309 968 338 divina
980 318 1039 347 ope
1053 310 1177 347 aggredi

186 354 358 383 videbatur:
382 360 450 381 nam
467 359 558 389 quum
575 355 699 388 praesto
713 355 796 380 esset
812 352 924 388 ubique
941 352 1068 388 fortuna,
1086 356 1176 381 teme-

144 400 176 427 19
185 396 258 425 ritas
273 395 300 424 in
318 395 444 431 gloriam
460 397 604 423 cesserat.
640 394 733 422 Aetas
751 401 876 430 quoque
891 393 941 422 vix
958 394 1046 423 tantis
1062 398 1178 422 matura

184 437 291 472 rebus,
314 437 368 466 sed
389 436 511 465 abunde
527 435 700 470 sufficiens,
725 435 825 464 onmia
840 435 906 464 eius
923 443 1018 472 opera
1034 435 1176 465 honesta-

187 479 246 508 bat.
273 479 310 508 Et
332 486 409 515 quae
425 478 540 506 leviora
557 477 661 506 haberi
677 478 791 514 solent,
814 478 994 514 plerumque
1010 478 1038 506 in
1053 485 1087 506 re
1102 477 1177 506 mili-

186 520 240 550 tari
263 521 396 557 gratiora
417 521 508 556 vulgo
531 522 615 555 sunt,
639 518 815 548 exercitatio
832 519 972 556 corporis
989 519 1066 548 inter
1080 519 1176 556 ipsos,

185 563 284 592 cultus
306 562 489 598 habitusque
511 562 636 598 paulum
658 569 675 590 a
692 560 809 598 privato
833 561 1016 597 abhorrens,
1039 560 1176 590 militarIS

141 604 286 641 aovigor:
311 603 380 641 quis
402 604 451 632 ille
473 604 519 632 vel
542 603 653 639 ingenii
675 602 797 632 dotibus
821 604 868 631 vel
885 603 976 632 animi
992 603 1122 639 arthus‚
1146 607 1174 632 ut

184 646 297 683 pariter
313 653 402 675 carus
419 653 454 674 ac
471 645 663 675 venerandus
680 648 771 680 esset,
789 645 941 674 effecerat.

596 712 650 741 CA
659 711 689 740 P.
713 712 778 740 VII.

161 779 173 805 ι
264 769 331 807 (17)
353 772 393 800 At
415 771 545 806 Dareus,
573 771 676 799 nunt10
699 771 737 799 de
759 771 889 799 adversa
915 771 1087 800 valetudiiie
1109 771 1175 800 eius

183 817 326 850 accepto,
356 813 522 846 celeritate,
551 817 695 849 quantam
720 820 830 849 capere
860 816 919 841 tam
945 820 1038 849 grave
1066 820 1174 849 agmen

184 858 317 892 poterat,
341 854 379 883 ad
401 854 574 891 Euphraten
598 853 752 884 contendit
774 854 939 890 iunctoque
961 862 996 883 eo
1033 855 1175 890 pontibus

184 897 320 933 quinque
342 900 440 925 tamen
464 896 571 925 diebus
595 897 710 925 traiecit
731 895 911 930 exercitum,
934 895 1066 925 Ciliciam
1082 904 1172 925 occu-

159 946 257 977 2pare
272 938 429 967 festinans.
463 938 525 966 lam
541 938 724 971 Alexander,
749 938 861 966 viribus
878 938 1017 974 corporis
1032 938 1168 974 receptis,

183 980 221 1009 ad
238 980 343 1009 urbem
355 979 446 1009 Solos
464 983 659 1016 perveneratz
683 979 769 1008 cuius
786 980 908 1016 potitus.
926 980 1064 1009 ducentis
1081 981 1159 1008 talen

183 1022 221 1051 tis
242 1022 352 1051 multae
369 1022 490 1050 nomine
505 1022 635 1056 exactis,
658 1021 720 1050 arci
737 1021 923 1058 praesidium
939 1022 1062 1051 militum
1079 1022 1172 1058 impo-

161 1063 252 1099 ssuit.
280 1064 361 1092 Vota
382 1063 492 1092 deinde
515 1071 569 1099 pro
593 1064 689 1092 salute
711 1067 856 1099 suscepta
879 1071 933 1099 per
959 1064 1060 1092 ludum
1082 1067 1174 1100 atque

185 1105 278 1134 otium
288 1104 422 1133 reddens
435 1104 575 1139 ostendit,
591 1108 703 1141 quanta
716 1105 826 1134 fiducia
840 1105 986 1134 barbaros
999 1109 1173 1141 sperneret:

162 1147 300 1184 4quippe
312 1147 498 1183 Aesculapio
512 1150 541 1175 et
552 1146 706 1175 Minervae
720 1147 809 1176 ludos
823 1147 992 1175 celebravit.
1018 1146 1174 1183 Spectanti

184 1188 306 1217 nuntIus
329 1189 425 1217 laetus
447 1188 572 1217 affertur
593 1189 824 1223 Halicarnasso,
851 1189 960 1217 Persas
983 1188 1049 1217 acie
1071 1197 1089 1218 a
1109 1189 1173 1218 suis

183 1237 254 1259 esse
275 1233 453 1266 superatos,
476 1230 620 1267 Myndios
643 1238 767 1267 quoque
789 1234 818 1259 et
833 1230 963 1259 Caunios
979 1235 1009 1260 et
1024 1231 1172 1267 pleraque

158 1274 295 1304 stractus
317 1271 384 1300 eius
410 1279 484 1300 suae
508 1273 585 1300 sacta
611 1272 744 1301 ditionis.
777 1273 868 1309 Igitur
890 1273 970 1301 edito
993 1273 1171 1309 spectaculo

183 1313 297 1342 ludicro
314 1312 485 1350 castrisque
500 1313 590 1342 motis
607 1319 635 1343 et
647 1314 776 1352 Pyramo
792 1322 879 1342 amne
896 1319 988 1350 ponte
1005 1315 1116 1349 iuncto,
1133 1315 1170 1344 ad

182 1354 286 1384 urbem
308 1354 419 1384 Mallon
446 1356 597 1392 pervenit:
626 1356 696 1384 inde
718 1357 818 1385 alteris
842 1357 949 1385 castris
970 1357 1007 1385 ad
1025 1356 1170 1392 oppidum

159 1395 385 1426 6Castabulum.
410 1397 453 1425 Ibi
465 1397 620 1426 Parmenio
637 1398 700 1434 regi
714 1399 853 1430 occurrit,
872 1407 961 1434 quem
975 1399 1172 1434 praemiserat

183 1438 222 1467 ad
238 1438 457 1474 explorandum
479 1439 535 1468 iter
556 1440 666 1475 saltus,
689 1447 745 1476 per
767 1448 856 1476 quem
879 1441 915 1468 ad
940 1441 1059 1474 urbem,
1082 1440 1171 1469 Isson

159 1479 313 1515 Vnomine,
330 1480 549 1516 penetrandum
562 1485 634 1510 erat.
657 1482 758 1518 Atque
771 1483 827 1513 ille,
842 1482 990 1517 angustiis
1003 1483 1069 1511 eius
1081 1489 1171 1511 occu-

181 1521 259 1559 patiS
275 1525 304 1550 et
325 1522 479 1558 praesidio
496 1523 616 1552 modico
633 1523 752 1559 relicto,
776 1524 862 1552 Isson
880 1532 1003 1560 quoque
1019 1524 1171 1553 desertam

181 1570 200 1592 a
214 1563 351 1592 barbaris
374 1568 505 1600 ceperat.
536 1565 609 1594 Inde
633 1573 832 1601 progressus,
855 1566 1036 1601 deturbatis,
1061 1566 1171 1602 quiin-

181 1605 292 1634 terIora
316 1606 460 1634 montium
491 1606 686 1641 obsidebant,
718 1607 879 1643 praesidiis
907 1614 1014 1637 cuncta
1042 1608 1172 1637 firmavit

182 1651 395 1683 occupatoque
411 1648 531 1681 itincre,
556 1649 634 1677 sicut
651 1650 741 1684 paulo
758 1654 827 1678 ante
844 1650 955 1678 dictum
973 1655 1027 1680 est.
1047 1650 1125 1678 idem
1142 1653 1170 1679 et

159 1691 289 1718 sanctor
304 1693 332 1718 et
349 1690 470 1719 nuntius
487 1691 575 1719 venit.
593 1691 680 1719 Isson
703 1691 812 1720 deinde
828 1700 880 1720 rex
897 1693 1004 1726 copias
1020 1692 1173 1721 admovit:
