1215 1905
254 83 324 112 LIB.
342 84 421 112 vlu.
444 83 525 113 CAP.
542 84 576 119 X,
593 87 695 114 6—28.
718 93 926 120 [vtlt,³4-³7.z.]
1010 83 1071 114 201

83 157 244 196 praebitis,
266 167 322 196 per
343 159 448 188 decem
471 159 537 189 dies
558 159 668 189 Libero
690 159 768 189 Patri
791 163 950 197 operatum
970 159 1076 190 habuit

42 200 257 231 mexercitum.
282 200 355 237 Quis
371 205 475 237 neget,
497 201 640 231 eximium
663 209 787 239 quoque
804 201 932 239 gloriam
948 209 1074 238 saepius

83 242 221 272 fortunae
245 250 335 280 quam
361 242 477 272 virtutis
499 251 569 272 csse
591 243 794 272 beneficium?
815 243 931 281 quippe
946 251 984 273 ne
1000 251 1074 281 epu-

82 284 180 313 lantes
203 284 325 321 quidem
347 288 376 314 et
397 284 516 321 sopitos
537 293 620 314 mero
644 285 769 321 aggredi
791 294 885 314 ausus
908 289 955 314 est
965 285 1076 321 hostis,

82 325 164 355 haud
180 334 272 356 secus
296 325 506 355 bacchantium
529 326 770 363 ululantiumque
793 327 912 357 fremitu
932 327 1072 364 perterri-

82 371 140 403 tus,
163 376 254 404 quam
276 368 301 396 si
324 367 534 404 proeliantium
558 369 673 398 clamor
688 373 771 398 esset
786 369 917 398 nuditus.
958 369 1075 398 Eadem

83 409 210 438 felicitas
224 410 262 438 ab
276 408 397 438 Ocezino
411 414 598 439 revertentes
613 411 793 440 temulentos
807 410 1075 447 comissantesque

80 450 159 480 inter
174 459 226 479 ora
243 451 375 480 hostium
393 451 475 480 texit.

44 496 74 523 19
157 491 224 527 (37)
248 492 324 521 Hinc
340 493 379 521 ad
393 492 564 529 regionem,
589 502 666 530 (guae
688 494 822 524 Daedala
843 498 986 529 vocatur,
1005 502 1072 530 per-

81 538 203 563 ventum
225 538 281 563 cst.
322 534 527 564 Deseruerant
548 535 668 564 incolae
695 536 787 564 sedes
811 540 839 564 et
861 535 890 564 in
912 535 1000 564 avios
1022 535 1072 563 sil-

79 580 261 613 vestresque
288 580 407 606 montes
435 577 643 614 confugerant.
687 577 766 614 Ergo
793 577 929 606 Acadira
957 576 1073 612 transit,

38 621 179 654 20aeque
196 622 264 647 usta
279 622 309 647 et
323 618 467 648 destituta
481 618 676 649 incolentium
694 619 774 655 suga.
803 620 909 656 Itaque
925 618 1072 648 rationem

82 659 151 688 belli
169 659 339 689 necessitas
355 659 487 689 mutavit.
509 660 623 690 Divisis
640 661 719 690 enim
741 661 856 698 copiis,
877 661 1015 698 pluribus
1032 660 1071 689 si-

81 701 142 729 mul
157 701 234 730 locis
250 709 333 730 arma
349 702 490 737 ostendit,
507 702 727 739 oppressique,
744 702 795 732 ubi
812 711 870 731 non
888 707 1070 739 expectare-

37 745 69 771 21
79 746 147 772 rant
162 743 296 778 hostem,
314 743 394 772 omni
411 744 497 773 clade
514 744 675 780 perdomiti
691 749 770 774 sunt.
798 745 990 774 Ptolemaeus
1006 744 1071 781 plu-

79 784 172 813 rimas
189 784 295 819 urbes,
314 786 489 814 Alexander
505 786 653 815 maximas
669 786 765 823 cepit:
789 794 975 823 rursusque,
993 794 1071 822 quas

36 824 285 860 22disu·ibuerat,
317 826 425 863 copias
454 827 559 857 iunxit.
611 828 760 864 Superato
789 828 900 857 deinde
930 828 1071 864 Choaspe

79 875 178 903 amne,
197 867 320 897 Coenon
339 868 366 896 in
384 868 545 898 obsidione
563 870 646 898 urbis
663 870 826 906 opulentae
839 870 974 904 (Beiram
986 869 1068 898 inco-

78 909 125 938 lae
142 914 264 944 vocant)
279 910 416 947 reliquit:
432 910 500 947 ipse
516 912 555 940 ad
570 910 714 948 Mazagas
732 911 821 940 venit.
856 911 960 947 Nuper
974 912 1068 940 Assa-

78 953 171 987 cano,
197 952 285 980 cuius
309 959 436 988 regnum
459 953 569 987 suerat,
593 953 768 988 demortuo,
796 953 914 989 regioni
941 953 1070 989 urbique

27 994 218 1029 ,23praeerat
243 997 339 1023 mater
364 994 430 1023 eius
457 995 607 1032 Cleophis.
649 995 799 1024 201an
827 995 908 1023 milia
934 995 1070 1031 peditum

77 1035 239 1064 tuebantur
255 1035 361 1064 urbem
383 1044 442 1065 non
465 1036 524 1065 situ
541 1037 655 1072 solum,
678 1037 734 1066 sed
756 1037 844 1066 etiam
863 1044 957 1072 opere
973 1036 1069 1065 muni-

76 1079 145 1105 tam.
188 1077 263 1105 Nam
281 1086 342 1113 qua
358 1082 476 1114 spectat
492 1078 654 1113 orientem,
678 1078 808 1115 cingitur
830 1086 918 1107 amne
933 1078 1069 1113 torrenti,

78 1117 143 1154 qui,
160 1118 333 1155 praeruptis
351 1119 501 1156 utrimque
518 1120 608 1156 ripis,
627 1120 742 1149 aditum
757 1120 796 1149 ad
813 1120 918 1150 urbem
933 1119 1069 1157 impedit.

35 1160 122 1189 mAd
138 1160 328 1190 occidentem
345 1165 374 1190 ct
389 1169 407 1190 a
423 1162 548 1191 meridie
566 1163 648 1192 velut
663 1162 701 1192 de
714 1161 863 1191 industria
874 1170 968 1199 rupes
981 1170 1068 1199 prae-

76 1201 152 1230 altas
168 1202 312 1232 admolita
328 1207 434 1232 natura
451 1209 511 1237 est,
536 1203 613 1233 infra
630 1213 707 1240 quas
729 1212 879 1233 cavernae
901 1208 931 1233 et
950 1203 1068 1240 voragi-

77 1250 131 1271 nes
148 1244 238 1279 longa
253 1248 404 1274 vetustate
421 1245 450 1274 in
466 1246 558 1274 altum
575 1250 700 1276 cavatae
716 1246 830 1279 iacent,
849 1253 972 1282 quaque
988 1245 1067 1274 desi-

34 1287 162 1319 25nunt‚
184 1285 270 1315 fossa
290 1286 420 1322 ingentis
443 1287 546 1324 operis
570 1287 690 1317 obiecta
734 1292 790 1317 est.
835 1287 946 1317 XXXV
970 1287 1072 1317 stadia

75 1334 179 1355 murus
201 1329 285 1358 urbis
311 1329 528 1365 complectitur,
547 1329 633 1359 cuius
647 1329 791 1359 inferiora
804 1338 890 1365 saxo,
908 1328 1069 1366 superiora

75 1368 170 1397 crudo
186 1369 279 1398 latere
296 1375 366 1399 sunt
381 1374 504 1400 structa.
548 1371 647 1401 Lateri
671 1371 824 1401 vinculum
845 1371 964 1408 lapides
988 1375 1071 1406 sunt,

75 1418 153 1445 quos
170 1409 392 1447 interposuere,
410 1416 440 1441 ut
456 1411 570 1442 duriori
583 1413 726 1443 materiae
740 1413 854 1450 fragilis
870 1413 1069 1448 incumberet,

32 1451 225 1488 &simulque
241 1456 319 1481 terra
335 1453 462 1482 humore
478 1454 582 1483 diluta.
625 1455 668 1484 Ne
690 1459 790 1484 tamen
806 1455 952 1484 universa
966 1453 1067 1483 consi-

74 1493 174 1527 deret,
196 1493 357 1530 impositae
378 1500 464 1524 erant
484 1496 587 1525 trabes
609 1496 746 1532 validae,
770 1496 881 1533 quibus
897 1496 1007 1526 iniecta
1023 1500 1066 1525 ta-

32 1537 64 1564 2⁷
72 1533 174 1564 bulata
190 1543 294 1564 muros
311 1540 340 1565 et
357 1537 497 1572 tegebant
513 1542 542 1566 et
557 1537 682 1574 pervios
699 1539 843 1567 fecerant.
872 1538 955 1567 Haec
971 1537 1065 1566 muni<

73 1580 174 1605 menta
195 1579 450 1614 contemplantem
470 1579 681 1608 Alexandrum
704 1579 887 1616 consiliique
907 1579 1066 1613 incertum,

73 1617 146 1654 quia
161 1626 218 1648 nec
234 1627 399 1655 cavernas,
420 1620 478 1649 nisi
495 1629 621 1657 aggere,
646 1625 765 1657 poterat
785 1621 911 1658 implere
933 1629 989 1650 nec
1004 1625 1064 1650 tor-

72 1663 172 1689 menta
186 1660 274 1690 aliter
289 1661 383 1691 muris
399 1662 579 1697 admovere,
598 1662 722 1699 quidam
739 1671 755 1692 e
771 1671 857 1693 muro
872 1662 982 1700 sagitta
995 1670 1064 1699 per-

31 1701 177 1731 280ussit.
220 1703 293 1732 Tum
317 1704 395 1733 sorte
414 1703 444 1732 in
466 1712 568 1733 suram
590 1703 695 1734 incidit
711 1705 818 1736 telum:
841 1704 928 1734 euius
944 1704 1064 1742 spiculo
