1215 1895
297 67 367 95 LlB.
385 66 434 95 111.
458 66 540 95 CAP.
563 65 612 101 111,
633 69 736 95 2—25.
755 67 802 94 [¹¹¹.
819 67 878 89 6-8·
899 66 938 92 2.]
1121 64 1144 96 7

105 149 136 176 13
146 147 195 174 tus
211 142 373 173 duodecim
391 142 524 179 gentium
540 140 632 170 variis
655 140 746 170 armis
769 145 799 171 et
819 140 964 171 moribus.
1007 140 1139 170 Proximi

146 185 243 221 ibant,
272 194 351 222 quos
373 184 483 214 Persae
505 183 694 213 Inmortales
718 188 842 218 vocant,
870 183 909 212 ad
925 183 1031 212 decem
1047 181 1139 211 milia.

147 227 250 257 Cultus
273 226 447 264 opulentIae
468 225 616 254 barbarae
642 232 703 254 non
725 224 803 255 alios
824 224 921 261 magis
941 224 1140 254 honestabat:

147 268 188 298 illi
204 277 316 298 aureos
333 272 473 305 torques,
496 266 538 296 illi
559 270 676 296 vestem
698 274 771 296 auro
795 266 967 296 distinctam
988 266 1138 295 habebant

107 310 375 347 14manieatasque
392 308 525 343 tunicas,
548 307 675 346 gemmis
698 308 788 338 etiarn
810 309 982 338 adornatas.
1019 307 1140 344 Exiguo

147 352 322 387 intervallo,
339 360 417 388 quos
434 354 582 387 cognatos
598 349 680 387 regis
696 351 865 388 appellant,
882 350 990 379 decem
1006 354 1036 379 et
1053 349 1139 386 quin-

148 402 208 431 que
224 393 305 424 milia
320 393 485 423 hominum.
527 393 611 421 Haec
633 400 706 422 vero
723 392 810 422 turba
826 391 1012 422 muliebriter
1028 399 1139 428 prope-

147 436 270 465 modum
292 436 372 465 culta
394 436 466 464 luxu
485 434 581 471 magis
599 442 690 471 quam
712 434 833 463 decoris
855 433 947 463 armis
971 433 1139 470 conspicua

106 481 138 506 15
148 482 221 507 erat.
263 477 465 515 Doryphoroe
481 476 670 506 vocabantur
687 476 858 512 proximum
875 476 923 505 liis
941 483 1064 512 agmen,
1089 483 1138 504 so-

144 519 188 549 liti
204 523 320 548 vestem
336 519 480 556 excipere
496 518 640 555 regalem.
672 517 710 546 Hi
727 526 846 548 crurum
869 517 950 554 regis
973 517 1138 550 anteibant,

107 563 136 590 16
147 569 207 598 quo
223 560 291 598 ipse
308 560 444 590 eminens
462 560 638 590 vehebatur.
658 559 827 597 Utrumque
847 568 954 589 currus
971 560 1049 588 latus
1066 559 1138 588 deo-

145 611 211 632 rum
228 602 390 632 simulacra
406 611 445 632 ex
461 611 534 632 auro
554 606 743 638 argentoque
763 610 914 639 expressa
936 601 1138 630 decorabant:

146 644 373 681 distinguebant
386 644 595 674 internitentes
611 652 748 680 gemmae
764 643 876 681 iugum,
893 652 932 672 ex
949 651 1009 680 quo
1026 642 1138 672 emine-

145 686 218 716 bant
233 686 294 715 duo
312 694 405 716 aurea
421 685 582 716 simulacra
598 685 755 720 cubitalia,
775 693 903 722 quorum
919 685 1045 714 alterum
1060 684 1136 719 Nini,

145 729 272 758 alterum
286 727 352 757 Beli
374 728 498 764 gerebat
519 727 662 764 effigiem.
706 727 787 757 Inter
807 727 883 756 haec
906 734 1029 756 auream
1052 726 1136 762 aqui-

146 770 204 799 lam
220 769 331 806 pinnas
349 769 524 799 extendenti
540 768 668 798 similem
685 773 890 798 sacraverant.

103 815 134 843 17
226 811 272 847 (8)
295 811 399 841 Cultus
421 811 501 848 regis
518 810 595 840 inter
611 810 712 840 onmia
727 810 847 840 luxuria
863 810 1032 840 notabatur.
1066 809 1137 838 Pur-

106 861 258 891 18pureae
274 853 394 884 turileae
410 853 542 882 medium
560 854 660 882 album
677 852 823 883 intextum
840 857 919 882 erat:
936 852 1048 889 pallam
1064 859 1137 880 auro

143 895 316 925 distinctam
331 895 415 924 aurei
437 895 614 932 accipitres,
641 896 722 924 velut
741 894 848 924 rostris
865 894 943 924 inter
959 902 992 923 se
1009 901 1136 923 concur-

144 942 254 973 rerent,
270 938 474 967 adornabant:
495 943 524 967 et
540 946 618 967 zona
634 945 726 966 aurea
741 936 927 966 muliebriter
942 935 1060 965 cinctus
1076 934 1137 964 aci-

103 983 250 1009 l9naeen1
266 980 486 1017 suspenderat,
510 979 558 1009 eui
581 987 620 1008 cx
635 987 754 1015 gemma
769 979 880 1015 vagula
896 982 969 1007 erat.
1007 976 1138 1006 Cidarim

144 1021 255 1050 Persae
270 1022 423 1051 vocabant
438 1020 554 1058 regium
571 1020 679 1057 capitis
696 1020 830 1057 insigne:
852 1020 912 1050 hoc
935 1020 1077 1049 caerulea
1095 1020 1137 1048 sa-

100 1066 136 1093 20
145 1063 209 1092 scia
224 1063 293 1092 albo
311 1063 454 1092 distincta
469 1062 655 1092 circumibat.
677 1062 803 1092 Currum
819 1063 926 1091 decem
942 1061 1024 1090 milia
1035 1060 1137 1090 hasta-

142 1109 239 1134 torum
253 1105 475 1142 sequebantur:
489 1105 593 1134 hastas
606 1109 731 1141 argento
746 1108 920 1140 exornatas,
932 1102 1052 1140 spicula
1061 1111 1136 1132 auro

101 1151 132 1175 21
145 1147 281 1183 praefixa
297 1147 466 1183 gestabant.
489 1147 601 1176 Dextra
616 1147 767 1183 laevaque
782 1154 884 1182 regem
901 1145 1025 1174 ducenti
1042 1145 1136 1174 ferme

143 1188 324 1217 nobilissimi
350 1188 593 1225 propinquorum
621 1187 850 1217 comitabantur.
887 1188 1002 1217 Horum
1027 1195 1135 1223 agmen

143 1230 342 1259 claudebatur
359 1229 478 1266 triginta
495 1229 615 1259 milibus
632 1230 777 1266 peditum,
791 1238 870 1267 quos
883 1229 955 1266 equi
968 1228 1048 1265 regis
1064 1237 1137 1265 qua-

100 1276 132 1302 22
144 1271 294 1308 ‹li-ingenti
311 1272 529 1308 sequebantur.
553 1272 715 1301 Intervallo
733 1272 844 1301 deinde
860 1271 951 1301 unius
968 1269 1059 1300 stadii
1074 1279 1135 1299 ma-

141 1319 216 1343 trem
227 1313 317 1343 Darei
330 1313 535 1351 Sisygambim
549 1322 655 1343 currus
669 1314 808 1349 vehebat,
826 1318 855 1343 et
870 1313 900 1342 in
913 1313 972 1343 alio
986 1316 1050 1342 erat
1064 1320 1137 1342 con-

140 1355 223 1385 iunx.
260 1356 358 1385 Turba
376 1355 554 1385 feminarum
569 1355 691 1392 reginas
707 1355 914 1385 comitantium
930 1354 1019 1392 equis
1035 1358 1133 1383 vecta-

99 1400 133 1426 23
145 1398 241 1427 batur.
279 1397 458 1433 Quindecim
473 1397 599 1432 deinde,
624 1406 702 1434 quas
720 1406 911 1427 armamaxas
929 1397 1133 1434 appellabant,

141 1440 357 1476 sequebantur.
395 1440 428 1468 In
451 1439 498 1469 his
527 1444 611 1469 crant
636 1439 723 1469 liberi
743 1439 826 1476 regis
849 1445 879 1469 et
896 1439 947 1476 qui
963 1438 1138 1468 educabant.

140 1489 195 1511 eos
224 1481 460 1518 spadonumque
489 1490 578 1518 grex,
608 1481 691 1511 haud
713 1489 789 1511 sane
809 1480 868 1511 illis
891 1480 1033 1518 gentibus
1056 1479 1134 1509 vilis.

97 1527 132 1553 24
143 1523 216 1553 Tum
231 1523 335 1560 regiae
351 1523 478 1560 pellices
495 1527 648 1553 trecentae
668 1528 697 1552 et
714 1522 873 1559 sexaginta
890 1522 1085 1555 vehebantur,
1106 1528 1137 1552 et

139 1564 227 1602 ipsae
242 1565 338 1602 regali
353 1566 436 1595 cultu
459 1570 639 1602 ornatuque.
675 1565 747 1594 Post
770 1573 846 1602 quas
869 1564 1031 1602 pecuniam
1053 1563 1137 1601 regis

139 1607 277 1637 sexcenti
293 1608 364 1637 muli
381 1612 410 1637 et
425 1607 552 1637 trecenti
569 1606 676 1636 cameli
691 1606 852 1642 vellebant,
870 1606 1023 1644 praesidio
1042 1605 1133 1642 sagit-

96 1653 130 1678 25
140 1648 284 1679 tar-iorum
301 1654 519 1686 prosequente.
555 1648 801 1686 Propinquorum
816 1648 1047 1685 amicorumque
1061 1656 1135 1678 con-

138 1690 225 1728 iuges
247 1691 316 1721 huic
338 1691 449 1729 agmini
472 1690 630 1728 proximae
652 1690 842 1728 lixarumque
866 1695 895 1720 et
910 1691 1051 1720 calonum
1067 1698 1133 1727 gre·
