1210 1895
461 68 698 94 PRAEFATIO.
1051 74 1096 91 xix

128 139 194 167 VIII,
213 138 231 164 8
249 136 320 170 (29),
340 137 384 163 20.
402 137 487 162 ltormn
496 137 615 162 manibus.
635 137 719 170 Vulgo
727 136 869 162 hominibus.
885 137 917 161 V.
929 136 1003 167 epist.
1017 143 1040 167 p.
1052 134 1096 159 44.

129 174 193 202 VIII,
212 171 228 198 9
247 171 317 204 (30),
335 171 360 198 6.
391 172 535 204 Uterque
559 172 635 196 rubro
655 172 719 196 mari
735 172 864 202 accipitur.
905 170 1007 194 Indus
1026 171 1098 201 ripas

61 208 238 239 multasque
257 206 543 231 arbores—exsorbet.
567 207 648 238 Vulgo
665 210 757 238 utque
774 213 795 229 r.
816 213 846 229 m.
866 213 892 230 a.
909 204 1046 235 findens
1062 205 1097 228 ri-

60 249 109 273 pas
126 243 241 266 multas
260 241 366 266 arbom
384 253 416 258 —
437 241 564 266 etz-sorbet.
601 241 642 264 Sic
661 241 736 264 etiam
756 240 797 268 Z.,
826 239 875 264 nisi
894 239 962 270 quod
980 239 1096 263 codicum

62 277 212 309 scripturam
229 279 332 308 uterque
350 279 373 299 et
390 276 525 307 multasque
547 275 663 299 restituit.
709 274 777 298 Hanc
799 274 913 298 codicum
939 273 1097 305 Zumptiique

63 311 194 335 lectionem
226 310 316 334 falsam
342 315 398 333 esse
430 310 502 334 docet
529 309 627 334 dicendi
654 309 717 333 ratio
743 309 809 340 ipsa.
852 308 914 338 Quis
945 308 1010 332 enim
1040 311 1097 339 apte

64 346 198 377 v:oniungat
220 346 284 368 mari
301 344 423 374 accipitur
443 348 466 368 et
483 344 583 374 findens
601 344 673 374 ripae
693 347 717 367 et
736 342 842 367 arborea
861 342 997 367 eat-sorbet?
1024 342 1097 372 quasi

63 380 144 403 amuis
163 384 215 403 tum
232 379 332 403 demum
350 379 417 410 ripas
436 378 514 402 findat
532 382 556 402 et
574 378 676 402 arbores
696 377 838 406 exsorbent,
856 383 935 408 quum
954 377 1017 400 mari
1032 376 1098 400 acci-

63 414 153 446 piatur.
190 412 258 437 Licet
275 420 334 437 vero
352 413 434 444 prima
452 413 530 437 verba
546 412 822 444 uterque—accipitur·
840 411 872 435 ad
892 410 1004 443 Gangem
1022 413 1047 434 et
1058 410 1098 433 In-

64 449 122 472 dum
141 447 218 472 relata
234 447 334 471 tolerari
351 447 466 478 possint,
497 448 628 477 sequentia
655 452 736 470 tamen
757 446 787 470 de
807 453 856 469 uno
875 445 936 469 ludo
953 444 1099 477 accipienda

63 489 118 506 esse
136 487 188 506 tum
204 489 245 506 res
262 483 318 514 ipsa
337 481 423 510 docet,
456 485 509 505 tum
527 489 559 504 ex
580 489 609 505 eo
633 486 750 512 apparet,
780 481 848 510 quod
867 483 1006 510 sequuntur
1022 478 1097 503 haec:

64 517 184 540 Acesines
202 523 255 540 eum
273 519 356 548 auget.
394 516 424 540 Et
440 516 467 539 Z.
495 516 597 546 quidem
616 515 703 539 Indum
723 515 836 546 scripsit,
861 514 886 537 in
913 514 987 540 codd.
1014 517 1098 537 tamen

63 558 113 575 eum
131 555 178 579 est,
197 550 272 581 idque
291 551 458 574 retinendum.
496 551 582 580 Itaque
600 550 741 574 Miitzellius
759 549 852 579 Indus,
872 549 915 580 qui
932 555 978 580 pro
996 551 1099 579 uterque

62 585 177 616 scripsit:
197 592 261 615 quae
278 584 341 608 mihi
357 584 433 616 paulo
451 585 571 609 audacior
591 584 690 608 videtur
707 591 763 608 esse
782 584 934 611 coniectura,
955 590 1032 613 quum
1050 589 1099 606 nou

65 619 135 643 valde
162 619 257 643 similes
289 620 337 642 siut
362 619 500 643 litterarum
527 619 627 643 ductus.
664 618 730 642 Haec
754 625 812 642 vero
833 625 914 650 paene
935 617 1057 648 primaria
1074 616 1100 639 in

63 653 219 678 emendando
239 653 324 677 Curtio
343 653 383 677 Iex
403 657 453 681 est,
482 657 509 677 ut
527 654 552 677 in
576 653 725 677 coniecturis
744 652 867 677 faciendis
887 659 963 683 quam
985 651 1099 683 proxime

63 689 95 712 nd
113 688 251 712 litterarum
271 688 370 716 ductus,
390 688 432 718 qui
452 688 477 711 in
497 687 627 712 codicibus
646 688 814 715 inveniuntur,
835 686 980 711 accedatur:
999 686 1024 709 in
1043 685 1099 715 qui-

64 724 109 745 bus
129 722 276 746 coniecturis
295 721 358 746 haec
376 729 425 745 non
443 726 542 746 servata
560 721 601 746 Iex
620 726 665 750 est,
684 722 715 745 de
735 722 765 745 iis
785 728 876 753 magna
895 720 1042 752 plerumque
1055 719 1100 743 erit

63 757 195 781 dubitatio.
230 757 317 786 ltaque
335 760 447 787 uterque,
466 763 627 787 quamquam,
648 757 716 787 quod
732 755 831 780 Curtius
851 756 881 779 :lc
900 758 1008 785 utroque
1027 760 1100 777 amne

63 794 153 819 narrat,
174 790 265 814 falsum
284 794 330 818 est,
350 794 434 814 tamen
452 791 613 815 servandum.
650 790 745 814 Vitium
763 790 848 822 potius
867 790 892 813 iu
905 789 1037 820 participio
1052 788 1099 819 fin-

63 825 124 849 dens
143 825 215 849 inest.
252 825 350 849 Etenim
369 825 429 855 quid
448 825 548 849 tandem
569 829 606 848 est
634 824 697 848 illud
717 825 816 855 findere
839 824 929 854 ripas?
965 822 1100 854 Comparat

63 860 165 890 quidem
183 859 324 884 Miitzellius
342 858 504 883 Horatianum
520 860 619 890 findere
637 860 762 890 tellurem,
791 863 816 882 at
835 858 910 890 longe
926 858 953 881 id
972 857 1100 881 diversum

63 894 116 918 siue
135 894 224 918 dubio:
252 901 309 918 nam
326 898 418 917 terram
445 895 498 918 sive
522 900 625 925 campos
641 894 753 925 proiecto
773 893 854 916 amnis
873 892 1000 924 perfluens
1019 891 1100 919 findit,

63 934 87 952 at
106 928 232 958 quomodo
252 928 338 960 ripas?
376 929 427 951 Iam
455 929 476 952 si
500 929 598 958 findere
617 929 688 958 ripas
713 932 809 951 statuas
829 933 884 951 esse
904 927 921 950 i.
942 935 966 956 q.
981 924 1101 957 findendo

65 962 190 994 (campos)
218 962 320 993 efficere
349 964 432 993 ripas,
462 971 510 993 quo
532 963 606 987 modo
631 963 657 985 Z.
682 963 714 986 ad
734 963 776 990 IV.
799 961 830 987 1⁶2
848 960 918 993 (45),
935 959 961 985 3.
990 959 1101 984 dividere

63 1004 158 1021 cornua
176 997 323 1028 explicavit,
345 998 453 1028 primum
479 1005 527 1029 ego
550 997 581 1021 de
600 997 648 1020 hac
665 997 765 1020 omnino
784 996 952 1027 explicatione
970 995 1101 1019 dubitave-

66 1032 120 1059 rim.
138 1031 238 1062 deinde,
257 1039 334 1062 quum
352 1032 386 1055 ita
401 1032 503 1062 quidem
523 1038 609 1056 ornnes
629 1032 730 1055 omniuo
742 1031 812 1055 fluvii
825 1031 893 1062 ripas
908 1029 1012 1057 findant,
1027 1035 1101 1052 nenio

65 1065 177 1098 profecto
195 1066 287 1093 credat,
307 1066 334 1089 id
350 1070 469 1096 tanquam
489 1073 608 1097 maguum
627 1065 723 1096 aliquid
742 1070 766 1089 et
790 1065 915 1096 peculiare
933 1064 965 1087 de
991 1062 1101 1087 celeber—

66 1101 128 1124 rimo
155 1100 258 1124 flumine
280 1100 340 1123 Indo
365 1099 477 1124 Curtium
502 1101 574 1123 nobis
600 1107 710 1124 narrare.
746 1100 832 1130 Itaque
848 1099 947 1129 findens
963 1097 1058 1121 mutavi
1076 1097 1100 1121 in

66 1134 152 1159 Indus.
189 1134 240 1158 Iam
258 1134 332 1158 etiam
352 1135 485 1166 multasque
504 1134 672 1165 aptissimum,
693 1141 774 1164 neque
790 1134 887 1162 multas,
900 1137 927 1156 ut
938 1131 1026 1163 vulgo,
1041 1131 1102 1155 scri-

67 1169 124 1192 bere
144 1175 207 1200 opus
226 1172 273 1192 est.
308 1168 458 1193 Exsorbere
476 1169 547 1199 ripas
565 1169 703 1192 rectissime
722 1168 814 1191 dicitur
832 1171 856 1191 et
868 1167 960 1191 rectius
979 1165 1101 1197 profecto,

67 1210 141 1234 quam
155 1203 254 1233 findere
274 1204 354 1233 ripas.

133 1237 199 1265 VIII,
219 1235 235 1261 9
253 1235 323 1268 (30),
342 1235 368 1261 8.
389 1238 409 1262 G
415 1245 431 1260 a
438 1244 511 1268 nyes
530 1236 544 1253 *
563 1238 723 1261 decursurum
739 1238 763 1260 in
778 1245 846 1261 mare
860 1236 993 1267 intercipit,
1004 1241 1103 1266 magno-

66 1279 112 1304 que
129 1275 192 1296 motu
211 1272 288 1295 amnis
307 1275 409 1303 uterque
427 1272 566 1296 colliditur:
586 1273 675 1303 quippe
695 1272 822 1303 Ganqes
835 1271 968 1295 —0biicit.
1006 1268 1102 1300 Vulga-

66 1311 116 1330 tam
134 1306 266 1330 lectionem
284 1306 400 1330 codicum
417 1306 564 1330 anctoritate
583 1306 713 1330 defensam
731 1311 756 1330 et
774 1306 897 1330 firmatam
910 1303 1011 1329 retinui.
1033 1303 1058 1326 Z.
1072 1303 1103 1326 de

67 1341 126 1364 Indo
147 1344 170 1364 et
189 1340 296 1365 Acesine
317 1340 359 1364 hic
383 1341 426 1373 agi
450 1345 519 1364 ratus
545 1341 639 1373 Gangis
668 1348 758 1364 nomen
785 1345 890 1371 utroque
923 1339 978 1363 loco
1009 1337 1101 1362 omisit.

66 1374 217 1404 Mutamus,
236 1382 314 1406 quum
333 1376 364 1400 de
382 1375 565 1399 confluentibus
583 1375 699 1399 Acesinis
719 1380 743 1399 et.
760 1375 886 1407 Hydaspis
905 1373 1006 1398 Curtius
1023 1372 1066 1397 lx.
1086 1370 1104 1394 4

67 1408 137 1441 (15),
155 1407 181 1434 9.
201 1409 294 1433 similia
312 1409 381 1434 hisce
401 1414 495 1438 narret,
520 1411 603 1441 priore
626 1410 679 1434 Ioco
700 1410 800 1441 Ganges
818 1410 843 1433 in
862 1408 1002 1440 Hydaspen
1021 1410 1103 1429 muta-

68 1444 110 1472 vit,
130 1444 208 1468 altero
226 1444 319 1468 omisit.
355 1444 423 1468 Haec
440 1444 524 1469 omnia
549 1452 656 1477 mag-nae
674 1443 736 1468 mihi
761 1444 877 1468 videntur
896 1450 952 1466 esse
970 1440 1101 1465 audaciae.

69 1478 102 1502 De
118 1485 174 1502 mea
188 1479 312 1502 sententia
330 1480 415 1511 potius
435 1479 644 1503 verisimillimum
664 1483 711 1507 est,
730 1479 760 1502 de
781 1478 868 1510 Gange
884 1477 909 1501 h.
930 1476 947 1502 l.
968 1475 1019 1507 agi.
1039 1474 1103 1498 Nam

67 1520 145 1544 quum
165 1513 275 1538 editores
293 1518 360 1538 recte
378 1518 501 1541 statuant,
528 1513 702 1545 Dyardanem,
722 1514 765 1544 qui
783 1513 903 1544 deinceps
920 1516 1103 1535 commemora-

66 1552 121 1575 tur,
145 1547 170 1572 in
185 1547 299 1580 Gangem
317 1549 433 1575 influere,
454 1555 533 1580 paene
551 1548 722 1572 necessarium
739 1551 814 1571 antea
831 1546 925 1578 Gangis
944 1548 982 1570 est
1000 1550 1101 1568 nomen.

69 1582 153 1613 ltaque
171 1586 229 1614 post
247 1583 317 1614 prius
336 1582 398 1606 illud
416 1583 515 1614 Ganyes
534 1583 642 1615 apposui
655 1582 759 1606 lacunae
771 1583 886 1614 signum:
903 1578 1028 1605 intercidit
1038 1578 1103 1602 enim

67 1622 158 1641 nomen
176 1616 257 1641 amnis
284 1617 310 1642 in
329 1616 441 1649 Gangem
460 1617 597 1641 influentis.
636 1617 696 1646 Quis
718 1615 760 1640 ille
784 1616 870 1645 fuerit,
902 1622 951 1639 uon
967 1619 1104 1646 possumus

68 1651 144 1675 scire:
170 1650 277 1676 sortasse
299 1655 382 1676 tamen
402 1652 517 1677 Iomanes
539 1651 601 1683 fuit,
628 1651 700 1675 cuius
719 1658 811 1675 nomen
827 1657 878 1675 non
896 1649 960 1674 adeo
980 1645 1104 1672 dissimi!e

69 1689 114 1716 est,
131 1690 159 1709 ut
176 1693 226 1710 non
244 1687 353 1718 potuerit
372 1692 428 1718 post
449 1693 537 1710 nomen
556 1685 650 1718 Gangis
669 1686 827 1711 intercidere.

863 1726 901 1754 b*
