1215 1895
111 85 154 117 64
459 87 492 122 Q.
515 87 671 116 CURTlI
692 86 800 116 RUFI

111 171 178 192 rum
196 166 289 193 votum
306 164 423 191 unicum
441 165 489 195 est,
497 162 618 197 fallere.
659 162 744 190 Meae
766 170 833 191 vero
851 164 966 198 gloriae
987 171 1102 200 semper
1125 168 1142 194 9

111 210 163 234 aut
174 206 335 234 absentiam
345 204 440 233 Barez'
462 208 513 232 aut
523 205 675 239 anqustias
686 205 816 232 locorum
843 207 895 233 aut
909 204 1026 239 furtum
1043 213 1101 234 no-

110 248 165 276 ctis
175 247 289 275 obstare
300 253 358 275 non
365 247 471 282 patiar
478 256 487 273 :
495 247 599 282 palam
611 247 675 274 luce
686 246 814 281 aqqredz'
823 248 933 274 certum
944 249 1001 274 est:
1013 248 1100 282 malo,

111 296 156 316 me
175 296 257 316 meae
277 287 419 322 fortunae
434 289 598 324 poeniteat,
621 295 709 322 quam
730 288 868 315 victoriae
885 287 1010 323 pudeat.
1052 288 1101 317 Aa
1110 292 1144 318 10

111 330 185 359 haec
197 330 271 359 illud
281 337 393 365 quoque
405 329 534 358 accedit:
546 330 663 364 viyz'lias
674 336 763 364 aqere
775 329 918 357 barbaros
928 331 956 357 el
968 330 998 357 in
1010 331 1101 358 armis

111 374 198 406 stare,
217 374 249 399 vl
262 379 298 399 ne
316 372 414 407 decepi
430 371 545 406 quidem
558 371 680 407 possint,
702 373 880 406 compertum
901 371 1001 399 habeo.
1032 370 1101 400 Ita-

111 421 167 449 que
183 413 225 441 ad
239 414 382 448 proellum
401 420 448 440 vos
461 415 579 448 parate.
624 410 674 440 Sic
690 410 830 440 incitatos
846 412 884 440 ad
904 419 1034 448 corpora
1049 419 1100 441 cu-

110 454 206 482 randa
221 453 341 482 dimisit.

195 493 261 531 (48)
284 495 400 524 Dareus
417 494 456 529 id,
474 495 556 531 quod
570 493 727 523 Parmenio
744 498 898 530 suaserat,
920 495 1040 524 hostem
1056 494 1097 523 fa-
1109 500 1141 525 11
1190 531 1191 534 ¹

111 542 227 566 cturum
243 544 313 565 csse
331 536 506 566 coniectans
523 537 657 565 frenatos
674 544 771 572 equos
795 540 875 565 stare
897 543 1100 572 magnamque

111 579 263 607 exereitus
279 582 395 614 partem
411 577 440 606 in
462 577 553 606 armis
569 585 640 607 esse
656 585 692 606 ac
706 576 825 613 vigilias
844 577 1004 607 intentiore
1027 585 1101 606 cura

112 619 227 649 servari
242 619 387 649 iusserat:
413 627 485 655 ergo
502 619 622 655 ignibus
643 623 706 648 tota
726 619 792 648 eius
816 623 916 648 castra
937 619 1099 655 fulgebant.

111 662 181 698 Ipse
204 669 271 690 cum
294 661 423 690 ducibus
446 660 690 697 propinquisque
711 659 830 696 agmina
852 660 880 688 in
903 660 995 690 armis
1018 664 1098 690 stan-
1110 664 1142 689 12

112 703 183 732 tium
200 702 384 736 circumibat,
403 701 505 731 Solem
517 706 546 731 et
557 701 686 731 Mithren
702 710 885 738 sacrumque
900 706 930 731 et
944 705 1100 731 aeternum

111 744 260 773 invocans
276 743 385 780 ignem,
402 748 434 772 ut
448 743 507 772 illis
523 743 644 779 dignam
659 747 762 772 vetere
778 743 874 780 gloria
889 742 1100 780 maiorumque

111 785 313 816 monumentis
330 785 533 815 fortitudinem
550 785 739 821 inspiiarent.
775 785 812 813 Et
826 786 979 821 profecto,
996 784 1022 814 si
1039 793 1099 822 qua
1111 788 1141 814 13
1184 783 1189 789 “

111 827 232 857 divinae
247 826 316 863 opis
331 826 457 863 auguria
472 826 603 855 humana
617 830 717 855 mente
732 825 852 862 concipi
868 831 1005 862 possent,
1021 826 1099 855 deos

111 873 192 898 stare
207 876 321 898 secum.
356 869 428 897 Ilios
443 876 540 904 nuper
556 868 756 897 Macedonum
772 867 880 896 animis
903 868 1033 897 subitam
1054 868 1098 896 in-

111 910 249 940 cussisse
263 909 467 940 formidinem:
485 910 584 939 adhuc
599 910 772 947 lymphatos
785 909 854 938 ferri
869 909 995 945 agique,
1016 917 1100 938 arma

111 952 272 982 iacientes:
290 955 435 988 expetere
450 951 609 988 praesides
624 951 785 980 Persarum
800 950 919 987 imperii
942 950 1060 980 debitas
1081 958 1098 979 e

112 993 296 1023 vecordibus
318 1001 448 1030 poenas.
484 993 545 1022 Nec
569 993 669 1029 ipsum
696 994 804 1022 ducem
831 992 984 1022 saniorem
1010 1000 1095 1022 esse:
1108 997 1139 1022 14

112 1034 226 1072 quippe
241 1035 300 1064 ritu
315 1035 446 1063 serarum
461 1035 605 1071 praedam
620 1035 728 1070 modo,
751 1043 841 1071 qnam
858 1038 1032 1070 expeteret,
1053 1033 1096 1062 in-

110 1081 242 1106 tuentem
259 1076 287 1105 in
304 1075 479 1112 perniciem,
497 1084 575 1112 quae
590 1080 659 1105 ante
674 1076 818 1112 praedam
834 1076 933 1112 posita
949 1079 1041 1112 esset,
1054 1074 1098 1104 in-

110 1126 241 1148 currere.

196 1159 308 1188 Similis
324 1160 406 1195 apud
420 1159 603 1188 Macedones
621 1167 744 1196 quoque
760 1158 932 1188 sollicitudo
949 1162 1028 1194 erat,
1043 1166 1097 1188 no-

110 1206 265 1237 ctemque,
295 1201 376 1230 velut
396 1201 426 1229 in
448 1209 512 1230 eam
535 1201 698 1230 certamine
720 1201 834 1235 edicto,
860 1204 940 1229 metu
963 1203 1097 1236 egerunt.

110 1242 285 1272 Alexander
307 1251 367 1271 non
383 1242 458 1271 alias
473 1242 569 1278 magis
587 1241 705 1271 territus
722 1242 760 1270 ad
778 1246 847 1270 vota
862 1246 891 1270 et
907 1249 1014 1278 preces
1029 1241 1094 1270 Ari·
1107 1244 1138 1269 15

111 1285 267 1314 standrum
283 1284 386 1313 vocari
408 1284 497 1313 iubet.
534 1284 586 1312 lile
609 1283 639 1312 in
665 1282 793 1312 candida
820 1287 920 1318 veste,
947 1283 1097 1312 verbenas
1171 1284 1177 1288 ‘

110 1334 201 1356 manu
216 1326 408 1362 praeferens,
431 1326 529 1361 capite
546 1325 659 1359 velato⁷
676 1324 812 1361 praeibat
828 1332 938 1361 preces
953 1323 1033 1361 regi,
1050 1325 1096 1353 Io-

110 1376 179 1397 vem
193 1367 421 1404 Minervamque
444 1367 496 1405 [et]
517 1366 682 1396 Victoriam
706 1366 888 1403 propitianti.
924 1367 1008 1395 Tunc
1030 1365 1095 1402 qui-
1107 1369 1138 1395 16

110 1411 178 1439 dem
195 1409 344 1438 sacrificio
360 1408 415 1438 rite
433 1412 623 1445 perpetrato,
646 1408 795 1445 reliquum
817 1408 915 1437 noctis
937 1407 1095 1444 acquietu-

110 1460 162 1480 rus
178 1451 207 1479 in
224 1451 451 1480 tabernaculum
464 1450 562 1479 rediit.
599 1450 660 1479 Sed
675 1458 731 1479 nec
748 1458 885 1478 somnum
908 1457 1019 1486 capere
1039 1457 1096 1478 nec

111 1492 242 1529 quietem
259 1492 320 1529 pati
336 1497 462 1528 poterat.
499 1492 590 1521 Modo
608 1500 624 1521 e
640 1492 710 1528 iugo
727 1491 837 1521 montis
853 1490 947 1520 aciem
969 1490 998 1520 in
1022 1491 1095 1520 dex-

110 1539 186 1563 trum
200 1534 359 1563 Persarum
373 1542 467 1563 cornu
480 1534 635 1563 demittere
647 1533 787 1570 agitabat,
800 1533 890 1562 modo
903 1536 985 1562 recta
998 1533 1095 1561 fronte

110 1583 292 1605 concurrere
308 1575 398 1611 hosti,
414 1575 562 1605 interdum
577 1575 738 1611 haesitare,
759 1583 797 1603 an
813 1574 915 1611 potius
930 1574 959 1603 in
976 1575 1094 1603 laevum

109 1617 306 1653 detorqueret
330 1625 447 1654 agmen.
493 1617 626 1646 Tandem
647 1621 802 1654 gravatum
827 1615 918 1645 animi
942 1614 1093 1645 anxietate
1105 1617 1135 1644 17

110 1666 222 1695 corpus
237 1658 325 1688 altior
339 1667 464 1688 somnus
482 1658 644 1695 oppressit.

193 1699 259 1736 (49)
282 1700 405 1737 Iamque
420 1701 488 1730 luce
505 1705 569 1730 orta
591 1700 685 1731 duces
707 1700 747 1729 ad
768 1698 946 1736 accipienda
968 1698 1094 1735 imperia
