1215 1905
131 112 190 143 186
217 100 219 102 ’
465 113 498 148 Q·
521 113 676 143 conrii
697 114 806 143 Ruri

126 188 207 225 giam
222 188 326 217 sedem
341 195 506 224 regemque
517 186 600 224 vidit,
615 187 735 217 territus
752 189 854 225 surgit.
879 189 972 225 Quem
987 189 1108 219 intuens
1116 194 1149 220 17
1183 197 1185 199 ’

126 229 315 265 Alexander,
331 230 447 265 Ecquid
455 230 605 265 intelliyis,
625 232 720 265 miles,
736 230 846 266 inquit,
868 235 976 267 quanto
989 233 1107 261 meliore

125 276 211 307 sorte,
223 279 311 307 quam
322 271 445 305 Persae,
460 271 512 299 sub
523 279 593 306 reye
604 270 727 301 vivatis?
742 272 807 300 Illis
818 273 934 301 enimin
945 274 1018 302 sella
1029 275 1107 308 reqis

127 313 290 342 consedisse
301 313 414 348 capital
421 312 509 347 foret,
518 313 568 341 tibi
578 314 667 341 saluti
673 313 742 348 fnit.
754 312 880 342 Postero
889 312 948 349 die,
957 321 1108 342 convoca·
1117 318 1149 344 18

129 354 166 383 tis
181 353 285 382 amicis
302 353 520 390 copiarumque
535 353 674 388 ducibus,
692 354 878 390 pronuntiari
895 354 992 390 iussit,
1007 354 1108 390 ipsum

128 394 238 430 omnia,
254 402 333 431 quae
348 394 460 423 amissa
473 399 585 430 essent,
602 395 796 424 redditurum.
811 396 848 425 Et
860 395 1012 432 promisso
1028 396 1106 425 fides

127 436 231 466 extitit.
253 436 327 464 Nam
343 435 541 472 Sysimithres
557 437 648 466 multa
662 436 793 466 iumenta
806 441 836 466 et
847 438 1032 467 camelorum
1047 437 1108 466 duo
1117 440 1150 467 19

127 478 208 506 milia
223 476 349 506 adduxit
364 485 539 514 pecoraque
555 481 585 506 et
602 482 750 508 armenta:
774 486 852 514 quae
874 478 1034 508 distributa
1054 486 1108 515 pa-

125 519 198 548 riter
213 519 334 548 militem
351 523 380 548 et
395 519 504 548 damno
521 523 551 548 et
566 520 644 548 same
660 519 871 549 liberaverunt.
899 521 967 550 Rex
982 519 1150 557 gratiarnm

127 561 185 590 sibi
205 561 328 590 relatam
349 568 367 588 a
383 560 563 598 Sysimithre
584 562 737 597 praefatus
760 570 815 590 sex
833 561 950 591 dierum
965 565 1052 591 cocta
1066 561 1107 590 ei·

127 602 211 631 baria
224 602 301 631 ferre
313 602 421 631 milites
437 601 534 638 iussit,
552 601 650 638 Sagos
663 608 779 639 petens.
801 603 903 633 Totam
917 603 995 632 hane
1009 602 1107 641 regio-

127 652 196 673 nem
212 644 416 680 depopulatus
430 643 511 672 XXX
525 643 606 672 milia
627 652 771 680 pecorum
794 653 832 673 ex
851 645 964 681 praeda
980 644 1107 682 Sysimi-

127 684 184 714 thri
200 685 281 713 dono
298 685 357 714 dat.

209 726 277 761 (16)
298 727 371 755 lnde
387 725 526 762 pervenit
540 725 569 755 in
586 726 750 763 regionem,
768 726 816 756 cui
832 727 997 765 Oxyartes,
1014 731 1146 757 satra-21

128 776 183 804 pes
200 767 325 803 nobilis,
347 772 501 804 praeerat,
523 767 575 804 qui
592 776 625 797 se
640 769 719 804 regis
735 769 878 805 potestati
892 769 1025 805 fideique
1040 777 1107 806 per-

127 808 215 838 misit.
238 809 300 846 Ille‚
316 809 444 846 imperio
460 809 488 838 ei
502 809 630 845 reddito,
647 810 726 839 haud
740 810 878 847 amplius,
897 819 986 847 quam
998 815 1031 840 ut
1046 811 1106 839 duo

127 858 165 879 ex
182 850 277 879 tribus
293 851 362 879 filiis
375 859 479 880 secum
501 851 673 884 militarent,
697 851 805 887 exegit,
849 852 994 887 Satrapes
1017 851 1104 880 etiam
1115 855 1149 881 22

126 900 205 927 eum,
223 892 273 929 qui
289 900 384 928 penes
399 892 500 928 ipsum
515 892 749 928 relinquebatur,
766 892 864 922 tradit.
885 893 1018 921 Barbara
1033 901 1107 930 opu-

128 933 219 962 lentia
234 933 422 968 convivium,
445 941 505 970 quo
522 941 624 970 regem
640 933 820 970 accipiebat,
843 934 1035 963 instruxerat.
1076 934 1150 964 1d23

127 983 220 1010 quum
242 975 334 1004 multa
355 974 494 1004 comitate
514 975 693 1009 celebraret,
719 974 869 1004 introduci
889 975 969 1003 XXX
990 975 1108 1004 nobiles

126 1015 260 1052 virgines
273 1016 369 1045 iussit.
385 1017 465 1045 Inter
478 1024 553 1052 quas
567 1020 630 1045 erat
642 1015 702 1044 filia
717 1015 824 1052 ipsius,
837 1016 963 1045 Roxane
978 1015 1109 1052 nomine,

125 1057 238 1086 eximia
252 1057 389 1094 corporis
406 1057 509 1093 specie
525 1061 555 1086 et
570 1057 681 1087 decore
696 1057 816 1086 habitus
832 1057 863 1086 in
877 1057 1013 1087 barbaris
1028 1065 1107 1087 raro.

128 1099 210 1135 Quae
226 1107 409 1136 quamquam
424 1098 502 1128 inter
516 1099 629 1127 electas
645 1103 848 1135 processerat,
865 1098 998 1128 omnium
1009 1103 1108 1128 tamen
1117 1103 1152 1128 24

127 1141 234 1170 oculos
251 1140 399 1170 convertit
413 1140 442 1168 in
459 1148 502 1175 se,
518 1140 647 1169 maxime
662 1140 759 1177 regis,
775 1140 873 1169 minus
889 1139 947 1169 iam
963 1139 1109 1176 cupidita-

126 1182 206 1211 tibus
220 1182 284 1211 suis
295 1181 471 1219 imperantis
485 1182 562 1211 inter
574 1181 724 1218 obsequia
740 1182 886 1218 fortunae,
899 1186 1005 1210 contra
1020 1189 1109 1217 quam

128 1232 189 1253 non
206 1223 280 1252 satis
297 1227 385 1252 cauta
400 1222 564 1252 mortalitas
581 1227 636 1252 est.
659 1223 764 1259 ltaque
776 1222 834 1259 ille,
851 1222 903 1259 qui
914 1230 1040 1252 uxorem
1051 1222 1108 1251 Da·
1118 1226 1151 1252 25

126 1264 185 1299 rei⁷
211 1265 261 1301 qui
277 1265 354 1294 duas
370 1264 448 1293 filias
464 1264 614 1301 virgines,
638 1264 748 1299 quibus
765 1265 859 1293 forma
876 1269 995 1300 praeter
1008 1264 1109 1292 Roxa-

127 1314 185 1335 nen
209 1307 376 1342 comparari
398 1306 479 1335 nulla
498 1309 631 1342 poterat,
653 1306 734 1334 haud
755 1305 812 1334 alio
834 1306 933 1334 animo
950 1313 1040 1341 quam
1055 1312 1108 1341 pa-

127 1347 220 1377 rentis
236 1351 414 1383 aspexerat,
440 1351 510 1376 tunc
526 1347 555 1375 in
571 1355 706 1376 amorem
721 1346 932 1383 virgunculae,
958 1346 985 1375 si
1006 1344 1109 1382 regiae

128 1388 214 1425 stirpi
230 1393 469 1425 compararetur,
492 1387 633 1424 ignobilis
657 1388 697 1417 ita
718 1387 835 1417 effusus
851 1392 911 1422 est,
935 1392 968 1417 ut
985 1387 1109 1422 diceret,

127 1431 167 1459 ad
183 1429 395 1459 stabiliendum
415 1438 540 1466 regnum
561 1429 727 1465 pertinere,
750 1429 859 1458 Persas
880 1434 910 1458 et
924 1428 1109 1458 Macedones

127 1470 281 1501 connubio
297 1470 396 1507 iungi:
410 1471 469 1500 hoc
481 1479 540 1500 uno
552 1471 644 1499 modo
657 1475 686 1500 et
698 1470 845 1506 pudorem
857 1469 945 1500 victis
958 1474 988 1499 et
1003 1477 1109 1506 super-

127 1512 207 1542 biam
224 1512 390 1542 victoribus
407 1512 522 1541 detrahi
538 1519 642 1548 posse.
683 1511 832 1540 Achillem
854 1519 992 1548 quoque,
1016 1519 1034 1540 a
1050 1519 1110 1547 quo
1118 1515 1152 1541 26

128 1562 225 1590 genus
237 1553 306 1590 ipse
318 1554 492 1588 deduceret,
507 1561 574 1582 cum
588 1552 709 1589 captiva
724 1552 841 1582 coisse=
856 1560 895 1581 ne
905 1551 1010 1582 inferri
1022 1552 1108 1581 nefas

127 1596 357 1632 arbitrarentur,
384 1595 425 1624 ita
445 1594 624 1624 matrimonii
639 1594 704 1623 iure
723 1594 801 1622 velle
817 1593 908 1629 iungi.
952 1594 1108 1630 Insperato
1117 1597 1149 1623 27

126 1636 238 1672 gaudio
254 1637 351 1666 laetus
368 1641 454 1673 pater
469 1644 640 1666 sermonem
655 1636 721 1664 eius
737 1635 865 1671 excipit:
887 1639 917 1664 et
931 1642 986 1663 rex
1000 1633 1030 1663 in
1046 1642 1106 1662 me-

125 1677 177 1707 dio
197 1677 371 1714 cupiditatis
393 1679 503 1707 ardore
528 1677 618 1706 iussit
642 1676 742 1706 afferri
764 1676 860 1713 patrio
883 1683 967 1705 more
987 1683 1107 1712 panem.

129 1719 194 1748 Hoc
207 1723 270 1748 erat
280 1719 362 1756 apud
370 1719 552 1748 Macedones
567 1717 790 1748 sanctissimum
800 1715 971 1746 coeuntium
983 1716 1110 1752 pignus:
