1215 1905
139 100 203 132 184
484 102 517 137 Q.
540 102 698 131 CURTII
718 102 826 131 RUFi

137 175 269 205 invicem
285 176 415 205 animum
437 176 560 206 diversa
579 176 741 213 agitantem
757 182 991 207 commoverant.
1031 178 1119 208 Meri—v

138 221 201 246 tum
214 216 321 253 ingens
333 217 363 246 in
376 222 473 247 semet
485 226 556 247 esse
568 218 726 253 credebat,
743 219 826 254 quod
839 219 994 255 transfuga
1007 224 1036 249 et
1049 228 1120 256 pro·

139 258 232 293 ditor,
256 257 344 287 tantis
360 259 467 295 rebus,
488 259 515 288 si
528 258 670 294 vixisset,
691 259 856 289 iniecturus
878 268 1008 296 moram,
1029 261 1119 290 inter-

139 300 237 328 sectus
262 304 360 329 esset:
386 304 492 329 contra
518 299 635 329 facinus
658 300 767 336 ingens
788 301 999 336 aversabatur,
1028 310 1122 338 quum

138 339 251 376 optime
267 341 404 370 meritum
420 342 458 370 (le
473 342 550 377 ipsa,
566 341 770 370 communium
781 347 937 378 parentem
948 342 1119 378 liberorum,

136 389 192 418 per
206 381 334 411 insidias
350 382 561 411 interemisset.
591 382 672 412 Vicit
686 387 786 412 tamen
801 384 927 420 gratiam
943 384 1038 414 meriti
1053 390 1161 415 sce-15

137 422 209 452 ieris
224 423 384 458 atrocitas,
408 424 639 460 denuntiarique
661 424 764 459 iussit,
786 429 817 454 ut
831 426 995 454 excederet
1010 425 1118 455 castris

136 472 196 493 neu
218 464 356 494 licentiae
377 466 523 494 barbarae
545 466 702 502 exemplar
722 465 753 494 in
769 466 953 496 Graecorum
970 475 1071 496 mores
1088 471 1118 496 et

136 506 218 535 mitia
233 506 354 542 ingenia
367 508 550 536 transferret.

220 547 287 582 (13)
308 548 426 584 Dahae,
449 547 632 585 Spitamenis
648 549 743 577 caede
764 553 934 584 comperta,
954 549 1117 586 Datapher·
1127 554 1161 580 16

138 596 221 623 nem,
244 589 425 618 defectionis
438 590 503 619 eius
519 590 712 626 participem,
733 590 865 618 vinctum
878 591 1052 619 Alexandro
1069 599 1117 620 se-

138 638 196 666 que
212 630 334 659 dedunt.
379 631 431 659 ille
447 631 576 659 maxima
597 630 803 668 praesentium
825 639 962 660 curarum
982 636 1068 668 parte
1083 632 1116 660 li-

136 672 256 700 beratus
272 673 421 701 convertit
442 672 573 701 animum
592 673 630 701 ad
646 672 845 701 vindicandas
861 673 985 702 iniurias
1001 681 1114 709 eorum,

136 712 246 749 quibus
263 721 281 742 a
294 714 484 749 praetoribus
507 714 571 743 suis
592 721 684 742 avare
704 722 739 742 ac
756 714 888 750 superbe
904 714 1115 750 imperabatur.

134 754 213 790 Ergo
228 754 445 791 Phratapherni
460 755 643 792 Hyrcaniam
659 759 688 784 et
701 755 825 784 Mardos
839 764 906 784 cum
916 755 1043 792 Tapuris
1059 761 1116 785 tra·
1125 759 1157 787 17

135 795 211 824 didit
225 796 451 833 mandavitque,
467 801 499 826 ut
514 797 690 831 Phradaten,
708 796 756 825 cui
772 797 966 832 succedebat,
982 798 1021 825 ad
1035 805 1070 826 se
1085 797 1115 825 in

134 838 302 866 custodiam
320 838 456 867 mitteret.
478 838 607 873 Arsami,
624 839 810 873 Drangarum
822 839 986 875 praefecto,
1003 838 1114 867 substi-

133 883 214 907 tutus
231 883 278 909 est
293 879 454 908 Stasanor:
469 879 603 908 Arsaces
618 879 648 908 in
664 879 793 907 Mediam
809 879 930 913 missus,
947 882 980 908 ut
992 879 1114 916 Oxyda-

133 924 178 949 tes
191 920 262 949 inde
274 921 453 950 discederet.
469 921 646 958 Babylonia⁷
662 921 819 950 demortuo
831 921 966 955 Mazaeo,
981 919 1116 949 Stameni

133 961 270 990 subiecta
286 966 341 991 est.

560 1030 580 1058 C
590 1030 652 1058 ΑΡ.
683 1030 732 1058 IV.

217 1087 283 1122 (14)
300 1088 352 1116 His
369 1088 557 1124 compositis,
575 1088 659 1117 tertio
676 1096 780 1117 mense
796 1096 835 1116 ex
850 1088 984 1117 hibernis
999 1087 1111 1131 affihissffi·
1127 1092 1141 1116 1

132 1129 226 1158 movit
241 1130 419 1164 exercitum,
436 1130 604 1165 regionem,
621 1137 700 1165 quae
716 1129 836 1158 Gabaza
850 1130 983 1165 appella·
1033 1142 1087 1165 verq

132 1176 193 1205 tur,
209 1171 355 1200 aditurus.
396 1171 512 1200 Primus
528 1171 594 1200 dies
611 1171 745 1207 quietum
760 1171 814 1199 iter
830 1171 983 1207 praebuit:
999 1167 1113 1206 Ἳᾞζῗ·
1126 1174 1144 1199 2

131 1212 289 1248 proximus
304 1213 332 1241 ei
348 1213 482 1242 nondum
496 1212 617 1248 quidem
630 1213 822 1248 procellosus
835 1216 864 1241 et
879 1211 981 1247 tristis,
999 1210 1016 1231 0
1029 1211 1084 1235 ·¹¹³v
1094 1212 1112 1230 ¹·

132 1253 291 1282 obscurior
307 1258 404 1282 tamen
422 1254 563 1289 pristino,
591 1261 651 1282 non
674 1253 740 1282 sine
760 1253 850 1282 minis
863 1253 1028 1282 crescentis
1043 1253 1113 1281 mali

130 1294 294 1330 praeteriit.
336 1295 434 1324 Tertio
451 1295 488 1323 ab
505 1294 585 1324 omni
602 1298 686 1331 parte
702 1294 779 1323 coeli
795 1294 925 1323 emicare
941 1295 1059 1331 fulgura
1074 1298 1112 1329 et,
1125 1298 1143 1323 3

131 1344 210 1364 nunc
225 1336 418 1365 internitente
433 1337 516 1370 luce,
542 1344 621 1364 nunc
643 1336 779 1370 condita,
808 1344 868 1365 non
892 1336 998 1364 oculos
1021 1336 1112 1364 modo

131 1377 260 1406 meantis
282 1378 449 1413 exercitus,
477 1378 532 1406 sed
555 1377 643 1406 etiam
664 1378 780 1406 animos
803 1381 914 1406 terrere
936 1380 1111 1413 coeperunt.

129 1419 202 1447 Erat
224 1427 319 1455 prope
341 1419 502 1448 continuus
518 1419 595 1447 coeli
618 1420 732 1454 fragor,
760 1422 789 1447 et
811 1418 927 1454 passim
943 1417 1142 1447 cadentium4

132 1460 287 1489 fulminum
304 1461 426 1497 species
444 1460 612 1492 visebatur,
635 1460 832 1495 attonitisque
845 1459 969 1488 auribus
985 1463 1112 1495 stupens

129 1509 237 1537 agmen
258 1510 313 1530 nec
335 1501 476 1538 progredi
493 1509 549 1530 nec
563 1501 732 1530 consistere
743 1501 881 1530 audebat.
905 1501 978 1529 Tum
988 1504 1113 1536 repente
1124 1504 1141 1527 5

130 1543 225 1571 imber
240 1544 417 1579 grandinem
432 1542 581 1572 incutiens
600 1543 738 1572 torrentis
754 1543 844 1571 modo
861 1542 1033 1571 effunditur.
1066 1542 1111 1569 Ac

130 1584 227 1619 primo
244 1585 367 1620 quidem
382 1584 474 1614 armis
496 1584 560 1613 suis
581 1584 650 1613 tecti
672 1588 870 1620 exceperant,
899 1584 954 1612 sed
975 1583 1033 1611 iam
1054 1589 1111 1610 nec

129 1625 260 1654 retinere
281 1634 362 1657 arma
390 1625 523 1655 lubricae
551 1630 580 1654 et
604 1626 738 1661 rigentes
764 1633 870 1653 manus
892 1627 1031 1660 poterant
1054 1630 1113 1652 nec

128 1666 190 1703 ipsi
211 1666 379 1702 destinare,
405 1667 435 1695 in
458 1675 549 1703 quam
574 1667 729 1703 regionem
754 1667 946 1695 obverterent
970 1672 1112 1701 corpora,

130 1716 223 1744 quum
232 1708 366 1744 undique
380 1708 568 1745 tempestatis
580 1708 723 1737 violentia
734 1707 837 1743 maior,
852 1714 941 1743 quam
954 1705 1110 1741 vitabatur,
