1215 1905
339 104 411 133 LlB.
428 103 478 132 Vl.
503 103 584 132 CAP.
600 103 620 137 1,
640 106 742 132 1-10.
766 111 815 138 [vi,
836 112 854 132 l.
873 110 913 136 z.]
1081 99 1141 130 109

148 187 198 211 quo
214 180 340 204 beneflciis
356 179 445 204 affecta
461 178 552 203 fuerat.
590 178 641 202 Sed
656 177 718 202 haec
735 181 787 201 arte
797 178 965 201 circumsessa
975 175 1043 200 haud
1053 175 1140 207 procui

148 214 276 239 deditione
294 214 394 242 aberat,
413 213 463 236 nisi
481 212 584 236 tandem
604 213 738 243 Antipater
757 212 925 236 subvenisset.
964 210 987 233 Is
1006 214 1140 241 postquam

148 252 229 272 castra
245 248 334 272 castris
354 246 457 272 contulit
476 254 554 277 seque
571 254 674 270 numero
691 246 797 270 militum
815 245 915 277 alioque
931 248 1054 276 apparatu
1065 251 1140 275 supe-

148 283 237 306 riorem
255 282 398 313 conspexit,
415 281 601 312 quamprimum
618 281 648 304 de
664 287 764 304 summa
779 287 863 304 rerum
880 279 977 311 proelio
989 278 1140 302 contendere

148 317 247 341 statuit:
262 323 341 346 neque
351 315 545 339 Lacedaemonii
557 315 726 339 detrectavere
737 318 873 338 certamen.
907 314 942 337 lta
957 313 1091 336 commissa
1102 316 1140 336 est

147 358 246 383 pugna,
263 357 328 380 quae
338 357 390 373 rem
400 348 550 380 Spartanam
560 349 681 373 maiorem
691 349 715 372 iu
728 349 830 372 modum
842 347 943 372 afflixit.
983 347 1064 376 Quum
1075 347 1141 370 enim

148 384 272 417 augustiis
293 384 419 413 locorum,
439 384 465 407 in
481 384 573 414 quibus
586 384 761 415 pugnabatur,
783 383 884 413 confisi,
903 382 946 405 ubi
960 381 1027 405 hosti
1043 380 1140 405 nullum

150 419 317 443 multitudinis
328 425 400 442 usum
412 417 523 442 futurum
533 418 676 449 credebant,
690 417 803 441 animose
814 416 944 448 congressi
955 419 1048 446 essent,
1060 422 1140 446 neque

150 453 299 477 Macedones
317 453 424 484 impigre
442 453 600 481 resisterent,
621 451 726 475 multum
748 452 880 483 sanguinis
902 450 986 474 fusum
1006 454 1052 473 est.
1090 448 1139 473 Sed

151 491 283 520 postquam
298 487 430 518 Antipater
446 486 570 518 integram
586 485 693 510 subinde
709 493 811 509 manum
828 484 1000 509 laborantibus
1016 484 1069 507 suis
1080 483 1140 507 sub-

151 521 217 546 sidtu
228 521 355 550 mittebat,
370 520 479 552 impulsa
488 520 746 545 Lacedaemoniorum
761 520 828 543 acies
839 519 947 551 gradum
961 517 1092 550 paulisper
1101 525 1140 541 re-

149 555 214 580 tulit.
243 555 314 584 Quod
333 555 492 586 conspicatus
508 555 572 587 Agis
592 562 649 579 cum
661 554 764 579 cohorte
773 554 858 585 regia,
879 560 943 584 quae
954 559 985 576 ex
996 551 1140 576 fortissimis

151 590 288 619 constabat,
300 597 327 614 se
337 590 362 614 in
373 588 496 620 medium]

559 663 653 692 CAP.
675 664 697 692 Ι.

125 723 181 760 1(1
198 726 239 752 ed.
255 726 373 759 Zumpt.)
388 722 402 741 *
418 722 432 741 *
447 722 462 742 ⁴¹
477 730 600 759 pugnae
615 721 778 751 discrimen
794 720 917 751 immisit
932 721 985 750 ob-
1031 736 1059 755 Α,
1076 735 1114 755 330

151 764 368 802 truncatisque,
385 764 437 801 qui
452 763 624 801 promptius
638 762 831 799 resistebant,
847 770 988 800 magnam
1019 760 1123 805 'gnfflffig

123 810 139 836 2
151 811 267 843 partem
276 806 409 836 hostium
424 805 568 842 propulit.
589 805 760 841 Coeperant
772 805 878 841 fugere
890 804 986 834 victo·
1027 813 1116 830 aestate.

150 855 200 877 res
216 848 285 886 [et],
301 848 400 877 donec
416 846 536 876 avidius
558 850 725 883 sequentes
742 846 772 875 in
793 846 918 883 planum
936 846 988 875 de-
1007 835 1042 856 ⁰¹·
1059 837 1102 859 ¹¹²
1117 837 1136 856 ²

151 889 275 924 duxere,
287 888 373 918 inulti
386 888 550 917 cadebant:
567 888 623 917 sed
636 892 668 917 ut
679 887 809 924 primum
824 888 921 923 locus,
937 886 968 916 in
982 895 1043 924 quo
1058 891 1139 917 stare

123 934 138 961 3
150 934 287 968 possent,
302 929 364 966 suit,
377 929 486 967 aequis
498 929 614 959 viribus
628 929 802 959 dimicatum
813 933 869 959 est.
883 930 964 959 Inter
976 937 1083 959 omnes
1096 933 1139 958 ta-

151 980 220 1002 men
237 971 497 1001 Lacedaemonios
512 979 569 1001 rex
584 970 736 1001 eminebat
757 979 818 1001 non
834 979 986 1001 armorum
1001 971 1093 1000 modo
1111 975 1140 1000 et

153 1013 292 1051 corporis
308 1013 427 1051 specie,
451 1013 507 1043 sed
528 1013 618 1043 etiam
639 1012 847 1050 magnitudine
869 1012 977 1048 animi,
1001 1021 1062 1050 quo
1078 1021 1140 1042 uno

123 1060 141 1087 4
152 1055 234 1085 vinci
249 1063 310 1085 non
326 1055 434 1093 potuit.
469 1054 612 1092 Undique
627 1063 708 1085 nunc
725 1054 909 1091 comminus,
925 1062 1006 1084 nunc
1022 1053 1140 1084 eminus

150 1098 311 1135 petebatur
327 1096 442 1135 diuque
457 1105 540 1126 arma
556 1096 772 1126 circumferens
785 1096 844 1126 alia
858 1097 918 1126 tela
931 1097 1042 1134 clypeo
1058 1096 1140 1126 exci-

152 1139 264 1176 piebat,
281 1147 412 1176 corpore
425 1138 486 1168 alia
500 1138 627 1174 vitabat,
645 1139 744 1168 donec
760 1139 847 1168 hasta
862 1137 974 1167 semina
988 1139 1139 1175 perfossa,

124 1187 139 1211 5
151 1180 280 1218 plurimo
306 1180 456 1218 sanguine
481 1180 581 1210 effuso
592 1204 599 1215 ,
629 1180 794 1211 destituere
820 1184 1015 1217 pugnantem.
1058 1180 1139 1216 Ergo

152 1223 263 1261 clypeo
280 1230 336 1252 suo
349 1226 511 1259 exceptum
526 1221 666 1258 armigeri
678 1222 787 1258 raptim
802 1222 832 1251 in
845 1226 946 1252 castra
957 1221 1138 1256 referebant,

123 1269 139 1295 6
151 1264 343 1294 iactationem
358 1264 517 1294 vulnerum
532 1263 614 1294 haud
630 1263 719 1293 facile
736 1264 923 1293 tolerantem.
955 1263 1023 1293 Non
1040 1267 1139 1293 tamen

152 1306 283 1336 omisere
303 1305 538 1336 Lacedaemonii
560 1313 693 1343 pugnam
716 1309 760 1341 et,
783 1309 815 1335 ut
829 1305 960 1343 primum
975 1304 1034 1334 sibi
1050 1312 1139 1342 quam

150 1347 232 1378 hosti
247 1347 423 1384 aequiorem
439 1348 541 1377 locum
556 1355 667 1384 capere
683 1351 857 1384 potuerunt,
875 1347 1011 1377 densatis
1028 1346 1140 1376 ordini-

122 1394 138 1421 7
150 1389 221 1426 Ιαυε,
233 1389 332 1419 effuse
347 1389 491 1419 fluentem
506 1389 536 1418 in
552 1397 587 1419 se
601 1388 698 1419 aciem
712 1397 874 1426 excepere.
898 1389 964 1419 Non
981 1388 1063 1418 aliud
1080 1387 1140 1417 dis-

152 1431 264 1461 crimen
279 1431 490 1461 vehementius
506 1430 603 1461 fuisse
618 1430 783 1461 memoriae
800 1430 953 1468 proditum
969 1434 1024 1460 est.
1061 1430 1142 1459 Dua-

152 1481 218 1502 rum
238 1472 494 1502 nobilissimarum
519 1473 599 1502 bello
625 1472 760 1509 gentium
782 1472 935 1502 exercitus
957 1471 1024 1508 pari
1044 1471 1140 1500 Marte

124 1517 141 1544 8
153 1514 338 1551 pugnabant.
380 1513 615 1544 Lacedaemonii
631 1519 747 1550 vetera,
763 1514 950 1544 Macedones
966 1512 1140 1551 praesentia

152 1555 265 1585 decora
280 1555 488 1586 intuebantur:
510 1556 552 1585 illi
567 1564 622 1593 pro
638 1555 792 1591 libertate,
814 1555 844 1585 hi
860 1563 915 1593 pro
933 1554 1140 1585 dominatione

151 1598 343 1634 pugnabant:
364 1597 616 1628 Lacedaemoniis
638 1598 715 1633 dux,
740 1597 961 1628 Macedonibus
983 1597 1070 1627 locus
1087 1597 1138 1626 de-

122 1644 139 1671 9
151 1643 222 1669 erat.
247 1638 313 1669 Diei
329 1647 454 1677 quoque
469 1639 560 1669 unius
575 1644 636 1669 tam
651 1639 807 1676 multiplex
823 1647 915 1670 casus
932 1639 1025 1669 modo
1041 1646 1139 1676 spem,

151 1681 242 1711 modo
257 1684 370 1711 metum
385 1681 544 1718 utriusque
559 1681 654 1718 partis
670 1681 816 1719 augebat,
838 1681 921 1712 velut
936 1681 974 1711 de
990 1679 1139 1710 industria

114 1727 143 1752 ιο
151 1722 227 1752 inter
238 1723 422 1753 fortissimos
433 1723 518 1753 viros
526 1728 678 1753 certamen
691 1727 842 1761 aequante
854 1723 984 1753 fortuna.
999 1722 1137 1753 Ceterum
