1215 1895
94 69 134 99 30
434 70 466 105 Q.
487 71 643 99 CURTII
665 71 774 100 RUFI

97 151 205 177 tustate
234 147 374 183 famaque
401 147 591 175 conditorum
617 145 758 174 inclitam.
806 146 963 182 Regnabat
987 146 1018 176 in
1044 155 1080 176 ea
1088 151 1121 177 16

97 189 210 223 Strato,
232 188 320 216 Darei
337 187 447 224 opibus
464 187 599 216 adiutus:
626 188 681 216 sed
697 187 768 223 quia
784 186 967 217 deditionem
982 187 1078 224 magis

96 229 287 267 popularium
333 237 423 266 quam
449 237 504 258 sua
525 233 635 265 sponte
657 229 785 263 fecerat,
812 237 907 265 regno
929 229 1014 259 visus
1035 229 1077 258 in—

96 272 214 308 dignus,
230 271 511 307 Hephaestionique
528 270 726 306 permissum,
742 274 783 305 ut,
800 278 890 308 quem
905 279 942 301 eo
958 270 1078 308 fastigio

96 314 136 351 [e]
154 312 287 342 Sidoniis
304 312 515 350 dignissimum
530 312 739 347 arbitraretur,
757 312 954 342 constitueret
967 320 1078 349 regem.

94 356 186 385 Erant
197 355 431 391 Hephaestionis
445 355 583 391 hospites
597 354 670 383 clari
686 355 763 384 inter
775 363 848 383 suos
861 354 1003 384 iuvenes:
1018 354 1078 390 qui,
1088 358 1119 384 17

96 399 173 427 saeta
199 397 275 433 ipsis
303 401 452 433 potestate
479 396 641 432 regnandi,
668 401 869 432 negaverunt,
896 404 1080 432 quemquam

95 438 191 476 patrio
208 447 291 467 more
307 438 336 466 in
352 438 382 467 id
399 438 550 474 fastigium
566 437 677 474 recipi,
693 438 751 467 nisi
764 438 847 474 regia
864 437 957 474 stirpe
973 442 1078 467 ortum.

93 480 268 510 Admiratus
291 479 498 516 Hephaestion
525 478 761 516 magnitudinem
786 479 877 508 animi
899 478 1080 516 spernentis,
1091 482 1122 508 18

95 522 178 558 quod
194 522 243 550 alii
260 530 314 557 per
329 522 416 558 ignes
433 522 606 557 ferrumque
624 525 774 557 peterent,
798 522 852 550 J'os
863 522 978 557 quidem
993 522 1083 549 macti

94 566 211 598 virtute,
231 563 341 599 inquit,
365 567 467 597 estote,
486 565 537 599 que·
548 564 642 599 pre’mz'
652 565 847 596 intellexistis,
866 566 974 598 quanto
985 564 1080 591 maius

94 609 174 640 esset,
197 614 320 641 requum
339 605 494 640 fastidire,
518 613 605 640 quam
617 606 762 640 accipere.
793 605 923 633 Ceterum
936 605 1004 633 date
1018 605 1080 632 ali-

94 655 177 683 quem
189 648 290 682 reqz'ae
301 648 409 682 stirpis,
422 648 473 682 qui
486 648 650 675 meminerz'l
657 669 662 678 ,
687 654 706 674 a
722 647 799 674 vobis
809 650 960 682 acceptum
973 646 1081 674 habere

93 698 123 717 se
135 696 266 724 reqnum.
302 689 403 724 Atque
420 687 475 721 illi,
494 696 587 723 quum
603 688 713 716 multos
729 687 884 716 imminere
901 691 999 716 tantae
1016 686 1081 723 spei
1092 690 1121 716 19

96 734 270 763 cernerent,
293 729 420 765 singulis
437 729 604 758 amicorum
621 729 786 757 Alexandri
804 729 842 757 ob
859 728 979 757 nimiam
994 727 1079 764 regni

96 770 290 807 cupiditatem
308 771 482 804 adulantes,
500 774 650 801 statuunt,
668 770 817 799 neminem
833 778 903 799 esse
918 769 1078 807 potiorem,

95 820 186 848 quum
202 811 447 850 AbdalonYmum
465 812 632 848 quendam,
655 812 745 847 longa
761 811 882 847 quidem
900 810 1080 848 cognatione

94 853 181 890 stirpi
197 853 298 889 regiae
314 861 481 888 annexum,
504 853 560 882 sed
582 854 620 882 ob
637 853 768 889 inopiam
789 853 995 881 suburbanum
1011 852 1079 881 hor-

95 900 155 924 tum
179 894 290 930 exigua
312 896 461 924 colentem
477 894 565 931 stipe.
610 894 708 923 Causa
729 894 756 923 ei
779 893 980 930 paupertatis,
1003 893 1122 923 sicut2o

94 936 259 972 plerisque,
269 936 405 972 probitas
414 940 491 965 erat:
507 936 702 972 intentusque
711 935 797 972 operi
806 936 913 965 diurno
922 934 1080 972 strepitum

94 986 255 1011 armorum,
273 977 324 1014 qui
341 982 432 1007 totam
446 977 550 1006 Asiam
567 981 774 1011 concusserat,
789 986 848 1006 non
865 977 1057 1006 exaudiebat.

177 1017 223 1051 (4)
246 1019 352 1048 Subito
370 1019 495 1049 deinde,
523 1019 560 1047 de
578 1019 687 1055 quibus
703 1023 771 1047 ante
794 1018 905 1048 dictum
929 1023 990 1053 est,
1012 1022 1120 1047 eum2l

96 1060 196 1097 regiae
210 1060 304 1089 vestis
320 1060 489 1096 insignibus
504 1061 621 1089 hortum
634 1060 752 1094 intrant,
770 1068 859 1096 quem
872 1060 948 1089 sorte
962 1059 1079 1089 steriles

95 1102 205 1131 herbas
218 1102 334 1138 eligens
345 1101 578 1139 Abdalonymus
590 1102 781 1138 repurgabat.
803 1101 877 1130 Tum
892 1109 964 1137 rege
980 1109 1016 1130 eo
1034 1109 1080 1130 sa·
1088 1104 1122 1130 22

94 1145 198 1178 lutato,
214 1144 289 1172 alter
305 1152 343 1173 ex
359 1143 422 1178 his,
437 1144 576 1177 Habitus,
592 1143 704 1179 inquit,
720 1144 768 1172 hic
779 1145 871 1178 vestis,
884 1151 972 1179 quam
983 1144 1080 1172 cernis

94 1187 124 1214 in
146 1186 216 1214 meis
237 1186 386 1220 manibus,
409 1194 475 1214 cum
497 1187 549 1213 isto
572 1187 709 1221 squalore
726 1185 944 1221 permutandus
961 1185 1013 1213 tibi
1029 1188 1078 1213 esl.

94 1227 186 1255 Ablue
204 1235 311 1262 corpus
331 1228 429 1255 illuvie
446 1228 629 1262 aeternisque
649 1227 783 1255 sordibus
800 1226 985 1262 squalidum:
1005 1233 1080 1262 cape

93 1270 172 1304 reqis
184 1269 313 1297 animum
325 1272 353 1297 et
363 1269 393 1297 in
405 1276 469 1296 eam
479 1268 649 1302 fortunam,
669 1276 727 1303 qua
740 1268 846 1303 dignus
857 1276 895 1302 es,
909 1269 993 1296 istam
1005 1275 1079 1296 eon-

93 1311 245 1339 tinentium
259 1310 376 1346 perfer.
399 1309 438 1338 Et
446 1317 533 1345 quum
546 1311 575 1338 in
587 1311 685 1345 reqalz'
693 1310 765 1338 solio
776 1309 924 1343 residebis,
937 1310 1012 1338 vitae
1023 1317 1079 1337 ne-

94 1353 192 1388 cisque
203 1353 329 1380 omm'um
340 1352 445 1380 civium
458 1351 599 1385 dominus,
612 1359 683 1379 cave
694 1351 873 1380 obliviscaris
884 1351 970 1379 huius
979 1354 1078 1385 status,

94 1395 123 1421 sn
135 1401 191 1429 quo
203 1394 314 1429 accipis
324 1401 456 1428 reqnum,
470 1394 555 1422 immo
567 1393 693 1427 hercule,
705 1396 827 1428 propter
838 1400 931 1428 quem.
955 1390 1079 1420 Somnio
1087 1395 1122 1421 23

95 1434 202 1463 similis
218 1442 267 1463 res
283 1433 496 1472 Abdalon51mo
513 1433 687 1463 videbatur:
704 1433 868 1468 interdum,
885 1432 1001 1462 satisne
1013 1432 1079 1462 sani

94 1480 213 1511 essent,
241 1475 292 1512 qui
316 1480 374 1504 tam
396 1479 537 1512 proterve
560 1475 617 1504 sibi
633 1475 807 1509 illuderent,
835 1475 1078 1510 percontabatur.

95 1517 156 1546 Sed
173 1521 204 1545 ut
217 1517 367 1546 cunctanti
381 1518 506 1553 squalor
518 1517 638 1546 ablutus
654 1521 714 1551 est,
731 1521 760 1546 et
775 1516 885 1545 iniecta
899 1516 993 1545 vestis
1009 1523 1078 1552 pur-

96 1567 172 1594 pura
187 1566 323 1594 auroque
340 1558 495 1594 distincta,
520 1562 549 1588 et
570 1559 646 1587 fides
662 1567 680 1586 a
695 1557 861 1587 iurantibus
878 1558 971 1592 sacta,
997 1556 1078 1586 serio

95 1600 152 1628 iam
168 1608 232 1635 rex,
248 1600 355 1629 iisdem
373 1599 596 1635 comitantibus,
613 1600 641 1628 in
658 1599 772 1636 regiam
788 1598 935 1636 pervenit.

177 1641 269 1670 Fama
283 1641 408 1675 deinde,
431 1646 463 1671 ut
484 1642 575 1675 solet,
600 1645 722 1670 strenue
746 1645 806 1670 tota
827 1641 901 1670 urbe
922 1638 1119 1671 discurritzm

94 1682 220 1712 aliorum
238 1683 386 1718 studium,
408 1682 535 1712 aliorum
558 1682 723 1720 indignatio
746 1681 911 1711 eminebat:
935 1680 1077 1711 divitissi-
