1215 1905
114 126 169 156 ll&
452 127 485 162 Q.
507 128 665 157 CURTII
686 128 794 157 RUFI

108 209 176 230 cum
194 201 373 238 propinquis
389 202 477 231 Darei
499 210 534 231 ac
556 202 620 231 suis
643 203 744 232 liberis
761 203 941 241 modicaque
957 204 1085 234 Graeco-

108 251 171 271 rum
188 242 313 271 militum
329 251 419 272 manu
436 243 575 273 occurrit.
599 244 739 273 Dextram
754 244 885 274 venienti
899 245 1005 274 obtulit
1017 254 1085 275 rex:
1098 252 1114 276 2

107 283 222 319 quippe
237 288 266 313 et
280 284 395 320 hospes
413 285 542 321 Philippi
559 285 668 320 suerat,
697 294 804 322 quum,
827 285 909 315 Ocho
930 292 1083 323 regnante.

106 325 256 359 exularet,
284 329 313 354 et
332 325 456 362 hospitii
479 327 606 362 pignora
626 326 655 355 in
677 335 778 363 regem
795 336 883 356 suum
897 328 935 356 ad
951 329 1086 357 ultimum

105 367 182 395 tides
199 371 379 396 conservata
402 367 549 396 vincebat.
592 368 721 397 Comiter
742 369 830 405 igitur
851 374 1014 405 exceptus,
1045 370 1114 400 Tua

104 409 234 444 quidem,
251 408 362 444 inquit,
379 417 442 441 rex.
458 410 526 438 deos
536 417 651 446 quaeso,
659 414 806 446 perpetua
814 411 958 445 felicitate
966 413 1084 447 floreas.

103 449 168 484 Eyo
179 451 283 478 ceteris
294 451 387 478 laetus
399 450 452 479 hoc
463 459 521 480 uno
532 454 674 487 torqueor,
687 453 766 487 quod
772 453 933 488 praecipiti
942 456 1086 482 senectute

103 491 154 518 diu
163 491 233 526 frui
242 495 292 520 tua
304 492 428 520 bonitale
439 500 496 521 non
506 500 631 528 possum.
653 493 888 529 Nonagesimum
903 497 932 522 et
948 493 1084 529 quintum

103 540 215 561 annum
231 533 347 568 agebat.
390 533 504 562 Novem
521 532 663 568 iuvenes,
680 542 785 563 omnes
801 535 908 563 eadem
922 539 1016 564 matre
1032 543 1082 571 ge<
1095 540 1111 564 4

102 573 169 606 niti,
194 578 308 609 patrem
324 574 556 603 comitabantur:
583 575 639 604 hos
655 576 824 605 Artabazus
843 577 987 605 dexterae
1002 576 1083 612 regis

102 614 250 645 admovit.
281 619 439 651 precatus,
470 621 502 644 ut
528 620 586 644 tam
613 616 664 645 diu
691 617 841 652 viverent,
871 617 969 646 donec
995 617 1083 646 utiles

102 656 277 685 Alexandro
294 661 408 685 esseut.
446 658 510 686 Rex
527 657 656 693 pedibus
672 657 728 686 iter
742 658 921 695 plerumque
937 659 1081 687 faciebat:
1095 664 1111 688 5

103 701 173 725 tunc
189 697 344 727 admoveri
360 698 417 726 sibi
433 703 462 727 et
476 698 626 727 Artabazo
643 707 740 735 equos
757 699 859 735 iussit,
881 708 933 735 ne,
955 699 1023 736 ipso
1040 700 1083 728 in—

102 738 258 774 grediente
275 739 414 775 pedibus,
431 747 524 768 senex
541 748 620 776 equo
638 740 706 769 vehi
723 742 926 770 erubesceret.

182 780 249 815 (15)
271 780 310 809 Ut
325 781 434 809 deinde
451 786 548 810 castra
564 786 633 810 sunt
648 782 755 817 posita,
773 782 915 816 Graecos,
934 790 1012 818 quos
1026 784 1079 810 Ar>
1095 787 1110 812 6

103 820 226 850 tabazus
242 823 424 856 adduxerat,
448 822 610 851 convocari
626 822 720 851 iubet:
743 827 772 852 at
787 823 842 857 illi⁷
859 823 917 852 nisi
933 824 1010 852 fides
1025 823 1080 851 La-

101 863 307 892 cedaemoniis
324 872 447 899 quoque
461 868 490 893 et
505 864 726 900 Sinopensibus
740 865 868 900 daretur,
885 865 1081 901 respondent.

102 912 150 937 se,
163 904 242 941 quid
257 906 407 941 agendum
423 905 499 941 ipsis
516 906 605 940 soret,
622 905 850 935 deliberaturos.
879 906 983 942 Legati
998 911 1083 935 erant
1094 910 1109 936 7

100 945 408 976 Lacedaemoniorum
424 947 509 976 missi
525 947 563 975 ad
579 947 721 982 Dareum,
745 956 804 983 quo
827 947 905 976 victo
926 947 1080 983 applicue-

100 992 167 1016 rant
189 995 222 1016 se
239 987 362 1017 GraecIS
384 989 524 1017 mercede
546 989 627 1024 apud
642 988 750 1017 Persas
766 988 971 1017 militantibus.
1006 989 1110 1023 Rex‚8

102 1028 224 1057 omissis
237 1029 437 1066 sponsionum
452 1029 584 1066 fideique
597 1029 784 1066 pignoribus,
798 1030 900 1058 venire
916 1038 970 1059 eos
984 1029 1080 1063 iussit,

101 1070 265 1106 fortunam,
283 1079 371 1106 quam
387 1070 454 1107 ipse
470 1071 620 1105 dedisset,
635 1071 799 1100 habituros.
822 1071 879 1100 Diu
895 1075 1080 1106 cunctantes,

101 1112 258 1148 plerisque
274 1112 402 1141 consilia
417 1112 617 1146 variantibus,
639 1113 760 1141 tandem
784 1117 927 1141 venturos
944 1120 977 1141 se
994 1112 1080 1148 polli-

101 1158 214 1182 centur.
238 1156 277 1183 At
292 1154 487 1183 Democrates
502 1153 712 1189 Atheniensis,
730 1154 780 1190 qui
797 1154 926 1183 maxime
940 1154 1080 1182 Macedo-
1092 1158 1108 1183 9

101 1203 170 1223 num
186 1195 296 1231 opibus
313 1203 434 1231 semper
449 1195 619 1225 obstiterat„
638 1196 799 1231 desperata
812 1195 914 1230 venia,
930 1195 1030 1231 gladio
1046 1203 1080 1224 se

100 1236 257 1272 transfigit.
303 1236 413 1270 Ceteri,
436 1237 514 1265 sicut
536 1237 767 1270 constituerant⁷
795 1236 899 1265 ditioni
915 1236 1080 1264 Alexandri

98 1276 185 1313 ipsos
199 1285 232 1306 se
248 1278 429 1314 permittunt.
466 1277 546 1306 Mille
562 1282 591 1306 et
606 1278 629 1306 D
645 1277 754 1306 milites
771 1282 870 1306 erant:
889 1283 1009 1313 practer
1022 1277 1080 1306 hos
1090 1282 1121 1306 10

99 1318 189 1354 legati
205 1319 241 1347 ad
259 1320 386 1348 Dareum
402 1319 487 1347 missi
506 1319 564 1347 XC.
593 1319 623 1347 ln
642 1319 885 1355 supplementum
901 1318 1079 1347 distributus

99 1359 194 1396 miles,
211 1360 302 1390 ceteri
314 1360 433 1389 remissi
446 1361 566 1389 domum
580 1365 699 1396 praeter
714 1360 982 1394 Lacedaemonios,
1000 1368 1078 1396 quos

99 1401 175 1430 tradi
191 1401 218 1430 ln
236 1401 405 1431 custodiam
421 1401 517 1431 iussit.

180 1442 247 1477 (16)
267 1443 441 1472 Mardorum
463 1448 526 1472 erat
548 1452 621 1479 gens
641 1443 769 1472 confinis
785 1442 970 1479 Hyrcaniae,
997 1444 1115 1471 cultull

100 1484 177 1512 vitae
193 1493 305 1521 aspera
319 1489 348 1513 et
364 1484 527 1513 latrociniis
543 1489 673 1513 assueta.
711 1485 792 1513 Haec
809 1485 874 1513 sola
890 1492 946 1512 nec
961 1484 1076 1520 legatos

98 1525 221 1554 miserat
244 1534 298 1554 nec
321 1525 479 1554 videbatur
499 1526 643 1562 imperata
666 1527 781 1554 factura
834 1527 938 1561 ltaque
959 1533 1013 1553 rex
1033 1525 1077 1553 in-

98 1566 255 1602 dignatus,
282 1567 308 1596 si
325 1575 383 1596 una
399 1575 472 1603 gens
490 1573 595 1603 posset
610 1567 746 1602 efficere,
774 1575 811 1595 ne
834 1567 962 1595 invictus
984 1571 1076 1601 esset,

97 1607 320 1644 impedimentis
343 1617 410 1637 cuin
428 1609 580 1644 praesidio
604 1608 731 1642 relictis,
754 1608 863 1637 invicta
880 1616 969 1636 manu
985 1607 1076 1635 comi-

96 1654 186 1683 tante,
204 1650 348 1685 procedil.
371 1650 467 1678 Noctu
485 1650 539 1679 iter
555 1651 681 1684 fecerat,
698 1654 727 1678 et
743 1649 838 1686 prima
853 1650 919 1677 luce
934 1648 1031 1677 hostis
1047 1648 1077 1676 in
1086 1651 1117 1677 12

97 1695 264 1726 conspectu
280 1697 357 1718 erat:
385 1692 526 1720 tumultus
541 1691 637 1727 magis
655 1699 743 1727 quam
760 1690 904 1726 proelium
922 1689 985 1718 suit.
1018 1690 1076 1718 De-

97 1731 204 1761 turbati
220 1740 258 1761 ex
274 1732 416 1767 collibus,
440 1741 518 1768 quos
535 1737 774 1769 occupaverant,
796 1730 917 1760 barbari
932 1731 1076 1768 profuge·
