1215 1895
107 61 146 92 10
450 61 483 98 Q.
506 59 662 91 cuR‘ru
683 62 792 92 Ruri

106 142 138 168 ut
153 137 284 167 calidum
299 137 398 166 adhuc
414 145 527 174 corpus
544 137 687 166 ablueret.
721 137 826 174 Itaque
840 141 927 168 veste
943 137 1093 176 deposita,

104 179 135 208 in
151 183 320 216 conspectu
334 177 473 215 agminis,
485 195 525 199 —
545 179 689 208 decorum
711 187 836 216 quoque
854 179 984 211 Futurum
999 184 1092 216 ratus,

105 220 132 250 si
149 220 336 250 ostendisset
352 219 430 256 suis,
452 219 513 249 levi
535 224 564 249 et
579 219 705 256 parabili
721 221 803 250 cultu
819 220 956 257 corporis
972 229 1006 250 se
1022 229 1093 251 esse

106 266 289 296 contentum,
305 278 346 283 —
362 261 521 291 descendit
534 261 564 290 in
580 261 702 291 flumen.
735 261 858 298 Vixque
874 261 1004 298 ingressi
1020 263 1091 292 sub·
1118 266 1134 292 3

105 303 145 333 ito
162 304 289 333 horrore
304 308 386 333 artus
403 303 501 340 rigere
518 308 698 340 coeperunt:
715 304 812 340 pallor
828 303 939 333 deinde
955 304 1091 333 suffusus

104 349 159 381 est,
182 349 211 374 et
231 349 325 374 totum
347 345 568 381 propemodum
589 353 700 381 eorpus
728 344 826 374 vitalis
853 346 936 374 calor
961 345 1091 382 reliquit.

103 386 261 424 Expiranti
277 386 404 416 similem
420 385 547 415 ministri
562 394 653 415 manu
668 386 825 423 excipiunt
846 395 902 416 nec
918 386 992 416 satis
1009 395 1089 417 com·
1117 391 1134 416 4

102 432 206 464 potem
219 428 328 457 mentis
341 427 371 456 in
384 428 610 457 tabernaculum
625 428 772 459 deserunt.
794 429 904 465 Ingens
917 428 1089 458 sollicitudo

103 474 132 499 et
148 478 247 506 paene
268 470 326 498 iam
343 470 440 499 luctus
456 469 487 498 in
503 469 610 498 eastris
627 474 698 499 erat.
734 470 854 499 Flentes
878 470 1091 507 querebantur,
1117 473 1133 498 5

102 511 229 541 intanto
247 511 361 548 impetu
377 519 531 547 cursuque
553 519 652 540 rerum
675 511 772 540 omnis
793 511 899 541 aetatis
921 519 957 540 ac
978 520 1091 541 memo-

101 552 165 582 riae
186 552 387 582 clarissimum
402 561 505 589 regem
527 561 587 582 non
603 552 633 581 in
649 552 714 582 acie
730 554 850 589 saltem,
873 561 933 582 non
949 553 987 582 ab
1002 553 1091 582 hoste

103 594 267 630 deiectum,
295 595 349 624 sed
376 595 547 624 abluentem
572 603 652 631 aqua
675 602 787 631 corpus
814 599 949 631 ereptum
970 603 1041 624 esse
1062 598 1092 623 et

102 635 275 666 extinctum.
313 637 429 665 Instare
445 636 588 671 Dareum,
614 636 768 671 victorem,
785 640 946 672 antequam
960 635 1091 665 vidisset
1116 639 1133 665 6

101 678 229 707 hostem.
269 677 331 706 Sibi
348 678 473 706 easdem
489 681 600 713 terras,
624 686 700 714 quas
717 677 843 706 victoria
866 680 1090 714 peragrassent,

102 720 300 756 repetendas:
317 718 418 748 onmia
432 723 483 748 aut
497 718 584 755 ipsos
600 723 650 748 aut
662 719 767 748 hostes
780 719 958 755 populatos:
972 727 1027 756 per
1039 727 1089 747 va-

98 765 165 790 stas
182 760 371 795 solitudines,
397 760 515 790 etiamsi
537 768 624 790 nemo
646 760 765 797 insequi
782 760 862 795 velit,
889 764 996 789 euntes
1012 761 1090 789 same

98 806 192 839 atque
209 802 311 839 inopia
328 801 473 831 debellari
488 810 592 838 posse.
628 802 721 837 Quem
744 802 863 838 signum
885 802 1023 831 daturum
1044 802 1089 830 su-
1116 804 1130 832 7

101 844 274 881 gientibus?
304 852 392 880 quem
409 852 553 874 ausurum
567 844 742 872 Alexandro
759 843 947 872 succedere?
980 844 1041 871 lam
1059 848 1091 872 ut

102 887 140 915 ad
156 887 386 923 Hellespontum
400 887 471 923 fuga
483 890 685 923 penetrarent,
701 886 840 919 classem,
855 893 915 921 qua
926 888 1088 919 transeant,

103 937 192 964 quem
208 932 479 965 praeparaturum?
506 928 624 957 Rursus
640 927 668 956 in
686 926 785 963 ipsum
801 934 903 962 regem
918 924 1089 955 misericor·
1116 929 1132 956 8

102 969 151 998 dia
168 978 265 1004 versa,
283 969 365 999 illum
382 970 488 1000 florem
504 969 654 1004 iuventae,
671 968 750 997 illam
766 968 827 996 vim
842 968 942 1002 animi,
959 968 1089 997 eundern

101 1019 202 1048 regem
218 1016 248 1041 et
263 1011 496 1041 commilitonem
534 1010 636 1040 divelli
654 1019 671 1038 a
688 1018 721 1039 se
737 1014 766 1039 et
781 1009 919 1046 abrumpi
936 1009 1090 1039 immerno-

100 1061 151 1082 res
168 1053 215 1083 sui
232 1054 445 1090 querebantur.

183 1095 250 1132 (13)
279 1096 359 1125 Inter
373 1095 449 1124 haec
465 1093 590 1124 liberius
605 1102 706 1123 meare
723 1093 848 1130 spiritus
865 1097 1023 1131 coeperat:
1045 1093 1086 1121 al-
1116 1096 1132 1122 9

100 1138 220 1168 levabat
234 1146 288 1167 rex
305 1138 412 1167 oeulos
428 1141 471 1172 et,
500 1135 643 1173 paulatim
658 1136 805 1165 redeunte
820 1135 936 1170 animo,
965 1134 1091 1164 circum-

100 1184 215 1210 stantes
232 1179 347 1208 amieos
363 1182 538 1215 agnoverat,
560 1178 723 1213 laxataque
741 1177 786 1206 vis
801 1176 897 1206 morbi
914 1177 951 1205 ob
968 1176 1025 1205 hoc
1042 1184 1091 1204 so-

99 1223 161 1251 lum
175 1221 348 1255 videbatur,
372 1220 442 1256 quia
457 1218 693 1256 magnitudinem
709 1218 778 1247 mali
795 1217 952 1247 sentiebat.
989 1215 1089 1245 Animi
1101 1220 1132 1245 10

99 1267 200 1292 autem
216 1262 373 1299 aegritudo
391 1269 503 1298 corpus
526 1261 667 1296 urgebat:
697 1259 810 1296 quippe
831 1260 960 1288 Dareum
984 1258 1088 1295 quinto

100 1304 149 1334 die
164 1304 194 1333 in
211 1304 314 1333 Cilicia
330 1305 395 1333 sore
412 1302 613 1332 nuntiabatur.
656 1301 798 1330 Vinctum
820 1309 892 1337 ergo
909 1309 943 1330 se
960 1299 1036 1330 tradi
1062 1304 1091 1328 et

98 1350 211 1376 tantam
227 1345 383 1375 victoriam
399 1344 475 1381 eripi
491 1343 548 1373 sibi
565 1352 603 1372 ex
619 1343 757 1372 manibus
791 1343 984 1378 obscuraque
1001 1345 1030 1371 et
1045 1341 1089 1377 ig-

99 1387 193 1417 nobili
208 1392 303 1416 morte
319 1387 348 1416 in
365 1386 559 1416 tabernaculo
577 1385 710 1422 extingui
730 1393 764 1414 se
786 1385 978 1421 querebatur.
1026 1383 1088 1411 Ad-
1100 1387 1130 1412 11

99 1428 264 1466 missisque
280 1428 384 1457 amicis
402 1428 513 1464 pariter
528 1436 563 1455 ac
579 1427 714 1461 medicis,
730 1427 767 1455 In
780 1434 835 1462 quo
846 1434 898 1460 me,
913 1424 1019 1462 inquit,
1037 1433 1087 1453 ar-

98 1473 185 1500 ticulo
196 1479 296 1500 rerum
313 1478 445 1500 mearum
460 1470 584 1505 fortuna
597 1469 830 1505 deprehenderit,
848 1469 976 1496 cernitis.
1010 1466 1089 1495 Stre-

94 1514 188 1549 pitum
201 1513 346 1541 hostilium
363 1519 513 1541 armorum
529 1511 676 1539 exaudire
693 1510 766 1539 mihi
781 1509 881 1538 videor
892 1512 926 1543 et,
944 1509 996 1545 qui
1011 1509 1089 1536 ultro

97 1555 184 1583 intuli
194 1555 307 1588 bellum,
326 1555 384 1582 iam
401 1561 551 1590 provocor.
584 1552 700 1582 Dareus
717 1559 796 1590 eryo,
803 1559 890 1587 quum
908 1553 967 1578 tam
984 1558 1087 1586 super·
1100 1553 1130 1578 12

98 1596 150 1624 bas
164 1597 276 1624 litteras
287 1596 433 1629 scriberet,
449 1595 603 1630 fortunam
615 1601 709 1622 meam
725 1594 756 1622 in
773 1593 891 1621 consilio
904 1592 1005 1620 habuit
1013 1601 1021 1619 :
1036 1591 1090 1619 sed

98 1639 300 1674 nequicquam,
315 1638 343 1665 si
351 1637 424 1665 mihi
441 1637 564 1665 arbitrio
581 1643 641 1664 meo
658 1635 764 1664 curari
779 1635 853 1663 le'cet.
886 1633 979 1662 Lenta
995 1640 1087 1661 reme-
1098 1635 1130 1662 13

95 1679 149 1707 vdior
161 1684 188 1707 et
202 1687 304 1715 seques
317 1679 442 1708 medicos
459 1686 515 1707 non
533 1679 691 1714 expectant
706 1679 836 1712 tempora
854 1683 936 1704 mea:
954 1675 999 1704 vel
1015 1674 1091 1703 mori
