1215 1905
146 76 206 107 172
486 74 519 109 Q.
543 73 698 102 CURTII
719 73 827 103 RUFI

145 153 201 181 erit
210 152 239 180 ei
245 174 252 186 ,
269 151 321 187 qui
325 151 441 186 primus
451 149 640 185 occupaverit
650 149 783 177 verticem
791 171 798 183 ‚
811 149 921 177 talenta
931 147 979 176 X:
996 155 1053 176 uno
1067 148 1126 176 mi·-

146 201 200 222 nus
212 193 349 228 accipiet,
371 191 423 226 qui
435 191 591 227 proximus
607 191 636 218 ei
651 190 775 224 venerit,
795 190 953 225 eademque
970 189 1012 217 ad
1028 189 1126 218 decem

146 235 274 263 homines
285 232 448 261 servabitur
454 233 560 268 portio.
582 231 696 260 Certum
709 236 804 260 autem
815 230 920 266 habeo,
938 238 986 259 vos
1000 237 1057 259 non
1068 232 1127 258 tam

148 274 348 304 liberalitatem
361 274 469 302 intueri
479 281 581 308 meam,
596 280 684 309 quam
697 274 879 301 voluntatem.

230 314 297 351 (42)
315 314 369 343 His
385 314 491 343 animis
507 322 610 350 regem
625 312 793 350 audierunt,
809 317 841 342 ut
853 312 912 341 iam
927 311 1048 349 cepisse
1064 319 1128 340 ver·
1138 315 1172 340 13

149 357 237 387 tieem
258 356 447 385 viderentur:
471 355 651 391 dimissique
666 355 782 384 ferreos
798 362 930 388 cuneos,
952 361 1030 390 quos
1052 352 1128 382 inter

149 407 226 428 saxa
240 398 421 434 defigerent,
438 396 618 433 validosque
634 397 720 425 funes
736 396 890 432 parabant.
927 395 993 424 Rex
1005 394 1130 423 circum-
1139 397 1171 422 14

151 444 255 469 vectus
269 444 394 476 petram,
412 447 473 475 qua
487 437 608 467 minime
623 445 715 474 asper
725 445 761 466 ac
773 440 955 474 praeruptus
970 435 1070 465 aditus
1085 435 1128 464 vi-

149 482 286 517 debatur,
297 480 434 510 secunda
445 479 556 516 vigilia,
570 479 653 516 quod
664 479 741 508 bene
753 482 893 512 verteret,
909 477 1026 513 ingredi
1037 477 1128 506 iubet.

150 523 203 558 llli,
214 521 363 551 alimentis
376 521 406 551 in
417 520 542 550 biduum
554 519 691 556 sumptis,
705 519 812 556 gladiis
824 520 914 548 modo
928 523 1019 556 atque
1034 517 1129 547 hastis

150 563 255 593 armati
271 563 373 593 subire
385 566 561 599 coeperunt.
583 563 629 591 Ac
641 561 737 598 primo
753 561 884 598 pedibus
899 559 1031 596 ingressi
1046 563 1129 589 sunt:
1140 563 1172 588 15

151 605 276 641 deinde,
291 609 324 634 ut
338 604 367 633 in
384 608 547 641 praerupta
562 606 740 640 perventum
757 607 817 638 est,
838 601 889 631 alii
904 601 1043 630 manibus
1059 600 1130 630 emi·
1212 604 1215 607 '

152 646 252 675 nentia
268 654 343 675 saxa
358 645 511 682 complexi
526 646 667 674 levavere
683 648 794 678 semet,
809 643 860 672 alii
874 642 1001 672 adiectis
1017 641 1131 671 funium

152 687 269 724 laqueis
283 695 424 717 evasere:
442 686 552 723 quibus
565 685 647 724 [alii],
666 694 757 722 quum
771 693 886 714 cuneos
898 686 975 713 inter
990 692 1066 713 saxa
1080 684 1131 712 de·

153 730 294 766 figerent,
314 729 427 765 gradus
442 727 620 763 subdidere,
643 726 711 764 quis
727 726 910 756 insisterent.
951 725 1037 755 Diem
1056 725 1134 754 inter

153 775 264 800 metum
278 771 474 806 laboremque
491 773 754 805 consumpserunt.
775 768 831 797 Per
845 775 955 804 aspera
970 766 1063 796 enisis
1080 766 1133 795 du-
1143 768 1175 794 16

152 812 233 841 riora
247 812 416 846 restabant,
432 815 461 840 et
477 818 617 839 crescere
631 810 756 839 altitudo
774 813 876 846 petrae
893 808 1058 837 videbatur.
1080 807 1134 836 Illa

154 861 226 882 vero
241 852 422 882 miserabilis
438 857 502 880 erat
518 851 626 886 facies,
651 859 742 887 quum
757 850 792 886 ii,
809 858 887 886 quos
902 848 1052 879 instabilis
1067 856 1132 885 gra-

154 895 210 923 dus
232 895 394 929 fefellerat,
419 901 457 922 ex
478 892 635 929 praecipiti
657 892 898 921 devolverentur.
938 891 1012 920 Mox
1028 890 1134 919 eadem

155 936 183 964 in
205 944 239 965 se
260 935 403 972 patienda
430 934 519 963 alieni
542 942 633 963 casus
656 933 836 962 ostendebat
858 933 1040 968 exemplum.
1079 931 1176 960 Per17

155 978 208 1006 lias
225 981 324 1006 tamen
340 976 533 1005 difficultates
547 975 699 1004 enituntur
716 974 744 1002 in
764 973 907 1003 verticem
924 972 1049 1007 monsss,
1073 980 1134 1001 om—

156 1027 209 1047 nes
236 1017 410 1053 fatigatione
437 1016 602 1045 continuati
627 1015 739 1045 laboris
766 1014 881 1049 affecti,
914 1014 1035 1051 quidam
1061 1014 1134 1042 mul-

155 1059 213 1089 cati
229 1063 314 1096 parte
336 1059 553 1087 membrorum:
576 1057 749 1094 pariterque
770 1065 825 1086 eos
847 1060 876 1085 et
891 1064 952 1085 nox
967 1060 996 1084 et
1011 1063 1134 1084 somnus

155 1100 319 1138 oppressit.
363 1099 468 1129 Stratis
492 1099 606 1136 passim
628 1098 808 1135 corporibus
825 1097 854 1126 in
870 1097 960 1126 inviis
975 1100 1005 1126 et
1019 1095 1136 1133 asperis
1144 1098 1177 1124 18

156 1150 309 1177 saxorum,
323 1141 449 1178 periculi
462 1140 601 1170 instantis
615 1140 698 1169 obliti
713 1139 742 1168 in
755 1140 852 1168 lucem
867 1138 1059 1175 quieverunt:
1073 1142 1135 1166 tan-

156 1184 286 1219 demque
303 1184 384 1212 velut
398 1191 436 1211 ex
452 1183 511 1211 alto
527 1190 639 1218 sopore
654 1180 789 1215 excitati,
813 1181 947 1210 occultas
970 1179 1135 1209 subiectas-

157 1234 216 1261 que
232 1224 308 1261 ipsis
325 1224 420 1253 valles
435 1223 590 1258 rimantes,
605 1222 711 1259 ignari,
727 1222 756 1250 in
774 1230 833 1257 qua
845 1226 930 1258 parte
943 1225 1046 1258 petrae
1058 1224 1137 1250 tanta

157 1265 202 1294 vis
223 1265 355 1294 hostium
378 1265 499 1294 condita
521 1268 617 1299 esset,
648 1265 760 1292 fumum
782 1271 878 1299 specu
898 1262 975 1291 infra
997 1270 1031 1291 se
1051 1261 1136 1298 ipsos

156 1307 309 1336 evolutum
325 1310 513 1335 notaverunt.
554 1306 600 1334 Ex
617 1314 676 1341 quo
693 1305 889 1338 intellectum,
913 1304 992 1332 illam
1008 1302 1137 1332 hostium
1147 1304 1177 1330 19

158 1349 300 1378 latebram
316 1356 395 1377 esse.
421 1348 525 1383 ltaque
542 1347 636 1376 hastis
652 1347 840 1382 imposuere,
858 1345 939 1381 quod
955 1347 1138 1373 convenerat

159 1389 293 1426 signum:
311 1393 434 1425 totoque
451 1398 467 1417 e
484 1397 608 1417 numero
625 1388 703 1417 duos
720 1391 749 1416 et
762 1387 842 1415 XXX
857 1386 885 1415 in
901 1394 1033 1415 ascensu
1048 1385 1135 1414 inter-

159 1431 220 1460 isse
235 1435 414 1467 agnoscunt.

241 1471 307 1508 (43)
329 1473 396 1501 Rex
411 1480 470 1500 non
488 1471 628 1507 cupidine
645 1470 740 1506 magis
754 1469 890 1507 potiundi
908 1468 974 1503 loci,
990 1476 1080 1504 quam
1095 1465 1177 1495 vi-20

159 1521 223 1542 cem
247 1521 366 1547 eorum,
390 1521 468 1549 quos
484 1513 522 1541 ad
539 1517 597 1541 tam
613 1511 803 1540 manifestum
820 1510 986 1547 periculum
1006 1508 1135 1542 miserat,

158 1554 305 1584 sollicitus
322 1559 383 1584 toto
400 1554 449 1583 die
465 1554 622 1582 cacumina
636 1552 746 1582 montis
761 1553 880 1581 intuens
896 1550 1010 1580 restitit.
1040 1549 1137 1578 Noctu

158 1596 293 1631 demum,
317 1605 407 1632 quum
432 1595 601 1624 obscuritas
624 1598 820 1630 conspectum
837 1593 992 1622 oculorum
1007 1589 1135 1619 ademis-

159 1642 219 1671 set,
241 1638 278 1665 ad
301 1638 465 1666 curandum
489 1645 602 1672 corpus
623 1634 759 1664 recessit.
801 1635 924 1663 Postero
941 1632 989 1661 die
1004 1631 1194 1668 nondum2l1

160 1678 232 1707 satis
249 1680 329 1706 clara
344 1679 410 1706 luce
427 1677 541 1714 primus
559 1678 639 1712 vela,
668 1676 785 1712 signum
808 1674 887 1711 capti
903 1672 1038 1708 verticis,
1066 1680 1135 1701 con-
1191 1669 1200 1748 ἶ
