<?xml version="1.0" encoding="UTF-8"?>
<!DOCTYPE html PUBLIC "-//W3C//DTD XHTML 1.0 Transitional//EN"
    "http://www.w3.org/TR/xhtml1/DTD/xhtml1-transitional.dtd">
<html xmlns="http://www.w3.org/1999/xhtml" xml:lang="en" lang="en">
 <head>
  <title>
</title>
<meta http-equiv="Content-Type" content="text/html;charset=utf-8" />
  <meta name='ocr-system' content='tesseract 3.04.00' />
  <meta name='ocr-capabilities' content='ocr_page ocr_carea ocr_par ocr_line ocrx_word'/>
</head>
<body>
  <div class='ocr_page' id='page_1' title='image "./degestisalexand00curtuoft_0268.png"; bbox 0 0 1215 1905; ppageno 0'>
   <div class='ocr_carea' id='block_1_1' title="bbox 724 0 1215 112">
    <p class='ocr_par' dir='ltr' id='par_1_1' title="bbox 724 0 1215 112">
     <span class='ocr_line' id='line_1_1' title="bbox 724 0 1215 112; baseline 0 1793"><span class='ocrx_word' id='word_1_1' title='bbox 724 0 1215 112; x_wconf 95' lang='lat' dir='ltr'> </span> 
     </span>
    </p>
   </div>
   <div class='ocr_carea' id='block_1_2' title="bbox 134 125 813 160">
    <p class='ocr_par' dir='ltr' id='par_1_2' title="bbox 134 125 813 160">
     <span class='ocr_line' id='line_1_2' title="bbox 134 125 813 160; baseline -0.003 -4"><span class='ocrx_word' id='word_1_2' title='bbox 134 125 199 156; x_wconf 73' lang='lat'>240</span> <span class='ocrx_word' id='word_1_3' title='bbox 474 127 506 160; x_wconf 75' lang='lat' dir='ltr'>Q.</span> <span class='ocrx_word' id='word_1_4' title='bbox 530 125 684 154; x_wconf 83' lang='lat' dir='ltr'>CURTII</span> <span class='ocrx_word' id='word_1_5' title='bbox 708 126 813 155; x_wconf 82' lang='lat' dir='ltr'>RUFI</span> 
     </span>
    </p>
   </div>
   <div class='ocr_carea' id='block_1_3' title="bbox 135 199 1163 1263">
    <p class='ocr_par' dir='ltr' id='par_1_3' title="bbox 136 199 1121 319">
     <span class='ocr_line' id='line_1_3' title="bbox 137 199 1121 237; baseline 0 -7"><span class='ocrx_word' id='word_1_6' title='bbox 137 210 199 237; x_wconf 87' lang='lat' dir='ltr'>quo</span> <span class='ocrx_word' id='word_1_7' title='bbox 216 199 337 235; x_wconf 83' lang='lat' dir='ltr'>navigia</span> <span class='ocrx_word' id='word_1_8' title='bbox 353 200 571 235; x_wconf 66' lang='lat' dir='ltr'>allevarentur,</span> <span class='ocrx_word' id='word_1_9' title='bbox 588 199 700 236; x_wconf 82' lang='lat' dir='ltr'>ignari,</span> <span class='ocrx_word' id='word_1_10' title='bbox 718 201 825 228; x_wconf 90' lang='lat' dir='ltr'>famem</span> <span class='ocrx_word' id='word_1_11' title='bbox 841 204 870 228; x_wconf 89' lang='lat' dir='ltr'>et</span> <span class='ocrx_word' id='word_1_12' title='bbox 886 199 987 229; x_wconf 85' lang='lat' dir='ltr'>ultima</span> <span class='ocrx_word' id='word_1_13' title='bbox 1002 200 1121 230; x_wconf 86' lang='lat' dir='ltr'>sibimet</span> 
     </span>
     <span class='ocr_line' id='line_1_4' title="bbox 136 240 1119 277; baseline 0 -6"><span class='ocrx_word' id='word_1_14' title='bbox 136 242 357 272; x_wconf 85' lang='lat' dir='ltr'>ominabantur.</span> <span class='ocrx_word' id='word_1_15' title='bbox 400 240 512 270; x_wconf 88' lang='lat' dir='ltr'>Beluae</span> <span class='ocrx_word' id='word_1_16' title='bbox 529 249 652 277; x_wconf 88' lang='lat' dir='ltr'>quoque</span> <span class='ocrx_word' id='word_1_17' title='bbox 667 241 809 270; x_wconf 87' lang='lat' dir='ltr'>fluctibus</span> <span class='ocrx_word' id='word_1_18' title='bbox 832 241 992 270; x_wconf 84' lang='lat' dir='ltr'>destitutae</span> <span class='ocrx_word' id='word_1_19' title='bbox 1007 242 1119 271; x_wconf 90' lang='lat' dir='ltr'>terribi-</span> 
     </span>
     <span class='ocr_line' id='line_1_5' title="bbox 138 282 395 319; baseline -0.008 -7"><span class='ocrx_word' id='word_1_20' title='bbox 138 284 182 312; x_wconf 87' lang='lat' dir='ltr'>les</span> <span class='ocrx_word' id='word_1_21' title='bbox 200 282 395 319; x_wconf 82' lang='lat' dir='ltr'>vagabantur.</span> 
     </span>
    </p>

    <p class='ocr_par' dir='ltr' id='par_1_4' title="bbox 135 322 1163 1263">
     <span class='ocr_line' id='line_1_6' title="bbox 219 322 1160 360; baseline 0.002 -8"><span class='ocrx_word' id='word_1_22' title='bbox 219 322 286 359; x_wconf 80' lang='lat'><strong>(37)</strong></span> <span class='ocrx_word' id='word_1_23' title='bbox 306 324 430 360; x_wconf 84' lang='lat' dir='ltr'>Iamque</span> <span class='ocrx_word' id='word_1_24' title='bbox 446 332 507 352; x_wconf 88' lang='lat' dir='ltr'>nox</span> <span class='ocrx_word' id='word_1_25' title='bbox 523 324 695 360; x_wconf 81' lang='lat' dir='ltr'>appetebat,</span> <span class='ocrx_word' id='word_1_26' title='bbox 711 328 741 353; x_wconf 89' lang='lat' dir='ltr'>et</span> <span class='ocrx_word' id='word_1_27' title='bbox 754 331 857 360; x_wconf 86' lang='lat' dir='ltr'>regem</span> <span class='ocrx_word' id='word_1_28' title='bbox 873 331 996 360; x_wconf 88' lang='lat' dir='ltr'>quoque</span> <span class='ocrx_word' id='word_1_29' title='bbox 1012 325 1120 360; x_wconf 88' lang='lat' dir='ltr'>despe—</span> <span class='ocrx_word' id='word_1_30' title='bbox 1129 329 1160 354; x_wconf 71' lang='grc'>23</span> 
     </span>
     <span class='ocr_line' id='line_1_7' title="bbox 138 364 1120 401; baseline 0 -7"><span class='ocrx_word' id='word_1_31' title='bbox 138 364 213 394; x_wconf 83' lang='lat' dir='ltr'>ratio</span> <span class='ocrx_word' id='word_1_32' title='bbox 236 364 342 394; x_wconf 87' lang='lat' dir='ltr'>salutis</span> <span class='ocrx_word' id='word_1_33' title='bbox 364 364 552 401; x_wconf 69' lang='lat' dir='ltr'>aegritudine</span> <span class='ocrx_word' id='word_1_34' title='bbox 573 364 726 394; x_wconf 77' lang='lat' dir='ltr'>affecerat</span> <span class='ocrx_word' id='word_1_35' title='bbox 769 365 833 394; x_wconf 92' lang='lat' dir='ltr'>Non</span> <span class='ocrx_word' id='word_1_36' title='bbox 856 369 953 394; x_wconf 84' lang='lat' dir='ltr'>tamen</span> <span class='ocrx_word' id='word_1_37' title='bbox 976 364 1120 394; x_wconf 91' lang='lat' dir='ltr'>invictum</span> 
     </span>
     <span class='ocr_line' id='line_1_8' title="bbox 138 405 1120 443; baseline 0 -8"><span class='ocrx_word' id='word_1_38' title='bbox 138 406 269 435; x_wconf 88' lang='lat' dir='ltr'>animum</span> <span class='ocrx_word' id='word_1_39' title='bbox 285 414 377 435; x_wconf 88' lang='lat' dir='ltr'>curae</span> <span class='ocrx_word' id='word_1_40' title='bbox 393 406 536 441; x_wconf 72' lang='lat' dir='ltr'>obinunt,</span> <span class='ocrx_word' id='word_1_41' title='bbox 555 405 626 442; x_wconf 90' lang='lat' dir='ltr'>quin</span> <span class='ocrx_word' id='word_1_42' title='bbox 642 410 704 435; x_wconf 88' lang='lat' dir='ltr'>tota</span> <span class='ocrx_word' id='word_1_43' title='bbox 720 410 808 435; x_wconf 91' lang='lat' dir='ltr'>nocte</span> <span class='ocrx_word' id='word_1_44' title='bbox 823 406 1012 443; x_wconf 83' lang='lat' dir='ltr'>persideret&#39;</span> <span class='ocrx_word' id='word_1_45' title='bbox 1005 415 1035 435; x_wconf 83' lang='grc' dir='ltr'>ιη</span> <span class='ocrx_word' id='word_1_46' title='bbox 1051 415 1120 443; x_wconf 89' lang='lat' dir='ltr'>spe-</span> 
     </span>
     <span class='ocr_line' id='line_1_9' title="bbox 138 447 1120 484; baseline 0 -8"><span class='ocrx_word' id='word_1_47' title='bbox 138 448 215 477; x_wconf 88' lang='lat' dir='ltr'>culis</span> <span class='ocrx_word' id='word_1_48' title='bbox 231 447 413 483; x_wconf 76' lang='lat' dir='ltr'>equitesque</span> <span class='ocrx_word' id='word_1_49' title='bbox 429 447 633 484; x_wconf 74' lang='lat' dir='ltr'>praemitteret</span> <span class='ocrx_word' id='word_1_50' title='bbox 647 448 686 476; x_wconf 87' lang='lat' dir='ltr'>ad</span> <span class='ocrx_word' id='word_1_51' title='bbox 702 456 737 477; x_wconf 87' lang='lat' dir='ltr'>os</span> <span class='ocrx_word' id='word_1_52' title='bbox 753 448 858 482; x_wconf 85' lang='lat' dir='ltr'>amnis,</span> <span class='ocrx_word' id='word_1_53' title='bbox 873 453 915 482; x_wconf 90' lang='lat' dir='ltr'>ut,</span> <span class='ocrx_word' id='word_1_54' title='bbox 932 456 1023 484; x_wconf 83' lang='lat' dir='ltr'>quum</span> <span class='ocrx_word' id='word_1_55' title='bbox 1039 456 1120 477; x_wconf 88' lang='lat' dir='ltr'>mare</span> 
     </span>
     <span class='ocr_line' id='line_1_10' title="bbox 138 488 1162 526; baseline 0.001 -8"><span class='ocrx_word' id='word_1_56' title='bbox 138 497 244 518; x_wconf 88' lang='lat' dir='ltr'>rursus</span> <span class='ocrx_word' id='word_1_57' title='bbox 261 493 442 518; x_wconf 82' lang='lat' dir='ltr'>exaestuare</span> <span class='ocrx_word' id='word_1_58' title='bbox 458 488 637 523; x_wconf 74' lang='lat' dir='ltr'>sensissent,</span> <span class='ocrx_word' id='word_1_59' title='bbox 651 489 877 525; x_wconf 77' lang='lat' dir='ltr'>praecederent.</span> <span class='ocrx_word' id='word_1_60' title='bbox 910 488 1036 525; x_wconf 86' lang='lat' dir='ltr'>Navigia</span> <span class='ocrx_word' id='word_1_61' title='bbox 1048 494 1162 526; x_wconf 73' lang='lat' dir='ltr'>quo-24</span> 
     </span>
     <span class='ocr_line' id='line_1_11' title="bbox 139 530 1108 568; baseline -0.001 -8"><span class='ocrx_word' id='word_1_62' title='bbox 139 538 199 568; x_wconf 88' lang='lat' dir='ltr'>que</span> <span class='ocrx_word' id='word_1_63' title='bbox 215 534 244 560; x_wconf 85' lang='lat' dir='ltr'>et</span> <span class='ocrx_word' id='word_1_64' title='bbox 258 530 389 559; x_wconf 85' lang='lat' dir='ltr'>lacerata</span> <span class='ocrx_word' id='word_1_65' title='bbox 404 530 488 559; x_wconf 80' lang='lat' dir='ltr'>refici</span> <span class='ocrx_word' id='word_1_66' title='bbox 505 535 534 559; x_wconf 91' lang='lat' dir='ltr'>et</span> <span class='ocrx_word' id='word_1_67' title='bbox 549 538 657 559; x_wconf 88' lang='lat' dir='ltr'>eversa</span> <span class='ocrx_word' id='word_1_68' title='bbox 674 530 815 559; x_wconf 81' lang='lat' dir='ltr'>fluctibus</span> <span class='ocrx_word' id='word_1_69' title='bbox 838 530 912 567; x_wconf 87' lang='lat' dir='ltr'>erigi</span> <span class='ocrx_word' id='word_1_70' title='bbox 933 531 1015 559; x_wconf 88' lang='lat' dir='ltr'>iubet</span> <span class='ocrx_word' id='word_1_71' title='bbox 1035 538 1108 567; x_wconf 88' lang='lat' dir='ltr'>para</span> 
     </span>
     <span class='ocr_line' id='line_1_12' title="bbox 138 571 1121 608; baseline -0.001 -7"><span class='ocrx_word' id='word_1_72' title='bbox 138 577 250 608; x_wconf 85' lang='lat' dir='ltr'>tosque</span> <span class='ocrx_word' id='word_1_73' title='bbox 275 579 344 600; x_wconf 89' lang='lat' dir='ltr'>esse</span> <span class='ocrx_word' id='word_1_74' title='bbox 370 576 399 600; x_wconf 91' lang='lat' dir='ltr'>et</span> <span class='ocrx_word' id='word_1_75' title='bbox 423 571 570 606; x_wconf 88' lang='lat' dir='ltr'>intentos,</span> <span class='ocrx_word' id='word_1_76' title='bbox 599 580 691 608; x_wconf 85' lang='lat' dir='ltr'>quum</span> <span class='ocrx_word' id='word_1_77' title='bbox 707 580 811 601; x_wconf 87' lang='lat' dir='ltr'>rursus</span> <span class='ocrx_word' id='word_1_78' title='bbox 828 580 910 600; x_wconf 87' lang='lat' dir='ltr'>mare</span> <span class='ocrx_word' id='word_1_79' title='bbox 927 577 1020 601; x_wconf 88' lang='lat' dir='ltr'>terras</span> <span class='ocrx_word' id='word_1_80' title='bbox 1035 571 1121 601; x_wconf 88' lang='lat' dir='ltr'>inun-</span> 
     </span>
     <span class='ocr_line' id='line_1_13' title="bbox 139 612 1163 650; baseline 0.001 -8"><span class='ocrx_word' id='word_1_81' title='bbox 139 614 253 642; x_wconf 88' lang='lat' dir='ltr'>dasset.</span> <span class='ocrx_word' id='word_1_82' title='bbox 306 613 380 641; x_wconf 87' lang='lat' dir='ltr'>Tota</span> <span class='ocrx_word' id='word_1_83' title='bbox 410 621 445 642; x_wconf 90' lang='lat' dir='ltr'>ea</span> <span class='ocrx_word' id='word_1_84' title='bbox 473 617 560 642; x_wconf 90' lang='lat' dir='ltr'>nocte</span> <span class='ocrx_word' id='word_1_85' title='bbox 587 613 663 642; x_wconf 87' lang='lat' dir='ltr'>inter</span> <span class='ocrx_word' id='word_1_86' title='bbox 690 612 807 650; x_wconf 80' lang='lat' dir='ltr'>vigilias</span> <span class='ocrx_word' id='word_1_87' title='bbox 833 613 1122 649; x_wconf 79' lang='lat' dir='ltr'>adhortationesque</span> <span class='ocrx_word' id='word_1_88' title='bbox 1130 618 1163 643; x_wconf 82' lang='lat'>25</span> 
     </span>
     <span class='ocr_line' id='line_1_14' title="bbox 139 653 1119 691; baseline 0 -8"><span class='ocrx_word' id='word_1_89' title='bbox 139 658 329 690; x_wconf 85' lang='lat' dir='ltr'>consumpta,</span> <span class='ocrx_word' id='word_1_90' title='bbox 354 654 490 682; x_wconf 84' lang='lat' dir='ltr'>celeriter</span> <span class='ocrx_word' id='word_1_91' title='bbox 506 658 535 683; x_wconf 85' lang='lat' dir='ltr'>et</span> <span class='ocrx_word' id='word_1_92' title='bbox 550 654 668 691; x_wconf 84' lang='lat' dir='ltr'>equites</span> <span class='ocrx_word' id='word_1_93' title='bbox 685 653 797 690; x_wconf 84' lang='lat' dir='ltr'>ingenti</span> <span class='ocrx_word' id='word_1_94' title='bbox 820 663 910 684; x_wconf 90' lang='lat' dir='ltr'>cursu</span> <span class='ocrx_word' id='word_1_95' title='bbox 931 655 1070 691; x_wconf 82' lang='lat' dir='ltr'>refugere</span> <span class='ocrx_word' id='word_1_96' title='bbox 1092 658 1119 684; x_wconf 82' lang='lat' dir='ltr'>ef</span> 
     </span>
     <span class='ocr_line' id='line_1_15' title="bbox 139 695 1121 732; baseline 0 -7"><span class='ocrx_word' id='word_1_97' title='bbox 139 700 263 725; x_wconf 87' lang='lat' dir='ltr'>secutus</span> <span class='ocrx_word' id='word_1_98' title='bbox 280 699 326 724; x_wconf 88' lang='lat' dir='ltr'>est</span> <span class='ocrx_word' id='word_1_99' title='bbox 341 699 454 724; x_wconf 86' lang='lat' dir='ltr'>aestus.</span> <span class='ocrx_word' id='word_1_100' title='bbox 499 695 552 730; x_wconf 83' lang='lat' dir='ltr'>Qui</span> <span class='ocrx_word' id='word_1_101' title='bbox 569 696 681 732; x_wconf 82' lang='lat' dir='ltr'>primo,</span> <span class='ocrx_word' id='word_1_102' title='bbox 698 696 786 732; x_wconf 89' lang='lat' dir='ltr'>aquis</span> <span class='ocrx_word' id='word_1_103' title='bbox 804 695 863 725; x_wconf 78' lang='lat' dir='ltr'>leni</span> <span class='ocrx_word' id='word_1_104' title='bbox 880 701 974 725; x_wconf 85' lang='lat' dir='ltr'>tractu</span> <span class='ocrx_word' id='word_1_105' title='bbox 991 696 1121 725; x_wconf 88' lang='lat' dir='ltr'>subeun-</span> 
     </span>
     <span class='ocr_line' id='line_1_16' title="bbox 138 736 1121 774; baseline 0 -8"><span class='ocrx_word' id='word_1_106' title='bbox 138 737 235 772; x_wconf 84' lang='lat' dir='ltr'>tibus,</span> <span class='ocrx_word' id='word_1_107' title='bbox 263 736 364 772; x_wconf 86' lang='lat' dir='ltr'>coepit</span> <span class='ocrx_word' id='word_1_108' title='bbox 385 737 485 765; x_wconf 82' lang='lat' dir='ltr'>levare</span> <span class='ocrx_word' id='word_1_109' title='bbox 501 737 636 773; x_wconf 79' lang='lat' dir='ltr'>navigia,</span> <span class='ocrx_word' id='word_1_110' title='bbox 663 745 733 766; x_wconf 85' lang='lat' dir='ltr'>mox</span> <span class='ocrx_word' id='word_1_111' title='bbox 753 737 823 767; x_wconf 91' lang='lat' dir='ltr'>totis</span> <span class='ocrx_word' id='word_1_112' title='bbox 839 737 954 774; x_wconf 87' lang='lat' dir='ltr'>eampis</span> <span class='ocrx_word' id='word_1_113' title='bbox 970 737 1121 766; x_wconf 82' lang='lat' dir='ltr'>inundans</span> 
     </span>
     <span class='ocr_line' id='line_1_17' title="bbox 138 777 1162 815; baseline 0.001 -8"><span class='ocrx_word' id='word_1_114' title='bbox 138 778 227 808; x_wconf 89' lang='lat' dir='ltr'>etiam</span> <span class='ocrx_word' id='word_1_115' title='bbox 242 777 359 814; x_wconf 83' lang='lat' dir='ltr'>impulit</span> <span class='ocrx_word' id='word_1_116' title='bbox 374 779 518 807; x_wconf 82' lang='lat' dir='ltr'>classem:</span> <span class='ocrx_word' id='word_1_117' title='bbox 535 779 724 815; x_wconf 80' lang='lat' dir='ltr'>plaususque</span> <span class='ocrx_word' id='word_1_118' title='bbox 736 778 860 808; x_wconf 90' lang='lat' dir='ltr'>militum</span> <span class='ocrx_word' id='word_1_119' title='bbox 873 778 1122 815; x_wconf 78' lang='lat' dir='ltr'>nauticorumque</span> <span class='ocrx_word' id='word_1_120' title='bbox 1130 783 1162 808; x_wconf 78' lang='lat'>26</span> 
     </span>
     <span class='ocr_line' id='line_1_18' title="bbox 138 819 1120 857; baseline 0 -8"><span class='ocrx_word' id='word_1_121' title='bbox 138 820 324 857; x_wconf 81' lang='lat' dir='ltr'>insperatam</span> <span class='ocrx_word' id='word_1_122' title='bbox 340 820 466 848; x_wconf 83' lang='lat' dir='ltr'>salutern</span> <span class='ocrx_word' id='word_1_123' title='bbox 483 819 642 849; x_wconf 90' lang='lat' dir='ltr'>immodico</span> <span class='ocrx_word' id='word_1_124' title='bbox 660 820 875 849; x_wconf 83' lang='lat' dir='ltr'>celebrantium</span> <span class='ocrx_word' id='word_1_125' title='bbox 896 820 1007 857; x_wconf 85' lang='lat' dir='ltr'>gaudio</span> <span class='ocrx_word' id='word_1_126' title='bbox 1029 819 1120 849; x_wconf 91' lang='lat' dir='ltr'>litori-</span> 
     </span>
     <span class='ocr_line' id='line_1_19' title="bbox 140 860 1119 897; baseline 0 -7"><span class='ocrx_word' id='word_1_127' title='bbox 140 861 196 890; x_wconf 69' lang='lat' dir='ltr'>bus</span> <span class='ocrx_word' id='word_1_128' title='bbox 221 860 359 897; x_wconf 86' lang='lat' dir='ltr'>ripisque</span> <span class='ocrx_word' id='word_1_129' title='bbox 384 861 555 890; x_wconf 89' lang='lat' dir='ltr'>resonabat.</span> <span class='ocrx_word' id='word_1_130' title='bbox 611 862 697 890; x_wconf 91' lang='lat' dir='ltr'>Unde</span> <span class='ocrx_word' id='word_1_131' title='bbox 723 866 836 890; x_wconf 89' lang='lat' dir='ltr'>tantum</span> <span class='ocrx_word' id='word_1_132' title='bbox 861 861 992 890; x_wconf 86' lang='lat' dir='ltr'>redisset</span> <span class='ocrx_word' id='word_1_133' title='bbox 1020 861 1119 890; x_wconf 90' lang='lat' dir='ltr'>subito</span> 
     </span>
     <span class='ocr_line' id='line_1_20' title="bbox 138 901 1114 939; baseline -0.002 -7"><span class='ocrx_word' id='word_1_134' title='bbox 138 911 236 937; x_wconf 87' lang='lat' dir='ltr'>mare,</span> <span class='ocrx_word' id='word_1_135' title='bbox 254 911 314 938; x_wconf 90' lang='lat' dir='ltr'>quo</span> <span class='ocrx_word' id='word_1_136' title='bbox 331 901 427 938; x_wconf 87' lang='lat' dir='ltr'>pridie</span> <span class='ocrx_word' id='word_1_137' title='bbox 447 902 625 938; x_wconf 82' lang='lat' dir='ltr'>refugisset,</span> <span class='ocrx_word' id='word_1_138' title='bbox 643 911 792 939; x_wconf 81' lang='lat' dir='ltr'>quaenam</span> <span class='ocrx_word' id='word_1_139' title='bbox 809 907 891 932; x_wconf 89' lang='lat' dir='ltr'>esset</span> <span class='ocrx_word' id='word_1_140' title='bbox 906 902 1042 931; x_wconf 88' lang='lat' dir='ltr'>eiusdem</span> <span class='ocrx_word' id='word_1_141' title='bbox 1059 902 1114 931; x_wconf 88' lang='lat' dir='ltr'>cle-</span> 
     </span>
     <span class='ocr_line' id='line_1_21' title="bbox 138 943 1118 980; baseline 0 -8"><span class='ocrx_word' id='word_1_142' title='bbox 138 944 228 973; x_wconf 88' lang='lat' dir='ltr'>menti</span> <span class='ocrx_word' id='word_1_143' title='bbox 245 947 359 978; x_wconf 89' lang='lat' dir='ltr'>natura,</span> <span class='ocrx_word' id='word_1_144' title='bbox 376 943 466 972; x_wconf 89' lang='lat' dir='ltr'>modo</span> <span class='ocrx_word' id='word_1_145' title='bbox 484 943 613 979; x_wconf 83' lang='lat' dir='ltr'>discors,</span> <span class='ocrx_word' id='word_1_146' title='bbox 629 944 720 973; x_wconf 90' lang='lat' dir='ltr'>modo</span> <span class='ocrx_word' id='word_1_147' title='bbox 738 944 866 980; x_wconf 90' lang='lat' dir='ltr'>imperio</span> <span class='ocrx_word' id='word_1_148' title='bbox 882 948 1050 980; x_wconf 84' lang='lat' dir='ltr'>temporum</span> <span class='ocrx_word' id='word_1_149' title='bbox 1066 943 1118 972; x_wconf 90' lang='lat' dir='ltr'>ob-</span> 
     </span>
     <span class='ocr_line' id='line_1_22' title="bbox 137 984 1162 1021; baseline -0.001 -7"><span class='ocrx_word' id='word_1_150' title='bbox 137 985 245 1020; x_wconf 82' lang='lat' dir='ltr'>noxia,</span> <span class='ocrx_word' id='word_1_151' title='bbox 271 984 440 1013; x_wconf 86' lang='lat' dir='ltr'>mirabundi</span> <span class='ocrx_word' id='word_1_152' title='bbox 455 985 659 1021; x_wconf 88' lang='lat' dir='ltr'>requirebant.</span> <span class='ocrx_word' id='word_1_153' title='bbox 702 986 783 1021; x_wconf 85' lang='lat' dir='ltr'>Rex,</span> <span class='ocrx_word' id='word_1_154' title='bbox 801 993 893 1021; x_wconf 86' lang='lat' dir='ltr'>quum</span> <span class='ocrx_word' id='word_1_155' title='bbox 910 993 947 1014; x_wconf 84' lang='lat' dir='ltr'>ex</span> <span class='ocrx_word' id='word_1_156' title='bbox 963 993 1016 1020; x_wconf 89' lang='lat' dir='ltr'>eo,</span> <span class='ocrx_word' id='word_1_157' title='bbox 1038 984 1121 1020; x_wconf 89' lang='lat' dir='ltr'>quod</span> <span class='ocrx_word' id='word_1_158' title='bbox 1129 987 1162 1014; x_wconf 81' lang='lat'>27</span> 
     </span>
     <span class='ocr_line' id='line_1_23' title="bbox 135 1026 1120 1062; baseline -0.001 -7"><span class='ocrx_word' id='word_1_159' title='bbox 135 1026 303 1061; x_wconf 84' lang='lat' dir='ltr'>acciderat,</span> <span class='ocrx_word' id='word_1_160' title='bbox 331 1026 530 1062; x_wconf 82' lang='lat' dir='ltr'>coniectaret,</span> <span class='ocrx_word' id='word_1_161' title='bbox 557 1031 627 1062; x_wconf 88' lang='lat' dir='ltr'>post</span> <span class='ocrx_word' id='word_1_162' title='bbox 653 1026 727 1055; x_wconf 90' lang='lat' dir='ltr'>solis</span> <span class='ocrx_word' id='word_1_163' title='bbox 755 1031 851 1055; x_wconf 90' lang='lat' dir='ltr'>ortum</span> <span class='ocrx_word' id='word_1_164' title='bbox 873 1031 981 1056; x_wconf 87' lang='lat' dir='ltr'>statum</span> <span class='ocrx_word' id='word_1_165' title='bbox 1001 1030 1120 1062; x_wconf 87' lang='lat' dir='ltr'>tempus</span> 
     </span>
     <span class='ocr_line' id='line_1_24' title="bbox 137 1066 1120 1105; baseline -0.002 -8"><span class='ocrx_word' id='word_1_166' title='bbox 137 1076 217 1103; x_wconf 84' lang='lat' dir='ltr'>esse,</span> <span class='ocrx_word' id='word_1_167' title='bbox 245 1068 283 1096; x_wconf 90' lang='lat' dir='ltr'>de</span> <span class='ocrx_word' id='word_1_168' title='bbox 304 1067 405 1096; x_wconf 84' lang='lat' dir='ltr'>media</span> <span class='ocrx_word' id='word_1_169' title='bbox 427 1071 525 1103; x_wconf 82' lang='lat' dir='ltr'>nocte,</span> <span class='ocrx_word' id='word_1_170' title='bbox 552 1072 584 1096; x_wconf 91' lang='lat' dir='ltr'>ut</span> <span class='ocrx_word' id='word_1_171' title='bbox 598 1073 714 1097; x_wconf 87' lang='lat' dir='ltr'>aestum</span> <span class='ocrx_word' id='word_1_172' title='bbox 731 1073 903 1105; x_wconf 85' lang='lat' dir='ltr'>occuparet,</span> <span class='ocrx_word' id='word_1_173' title='bbox 931 1075 998 1096; x_wconf 89' lang='lat' dir='ltr'>eum</span> <span class='ocrx_word' id='word_1_174' title='bbox 1014 1066 1120 1103; x_wconf 87' lang='lat' dir='ltr'>paucis</span> 
     </span>
     <span class='ocr_line' id='line_1_25' title="bbox 137 1108 1118 1145; baseline -0.001 -8"><span class='ocrx_word' id='word_1_175' title='bbox 137 1108 266 1145; x_wconf 86' lang='lat' dir='ltr'>navigiis</span> <span class='ocrx_word' id='word_1_176' title='bbox 282 1109 418 1138; x_wconf 87' lang='lat' dir='ltr'>seeundo</span> <span class='ocrx_word' id='word_1_177' title='bbox 435 1117 522 1137; x_wconf 89' lang='lat' dir='ltr'>amne</span> <span class='ocrx_word' id='word_1_178' title='bbox 539 1109 675 1138; x_wconf 80' lang='lat' dir='ltr'>defluxit.</span> <span class='ocrx_word' id='word_1_179' title='bbox 704 1109 898 1145; x_wconf 69' lang='lat' dir='ltr'>Evectus-que</span> <span class='ocrx_word' id='word_1_180' title='bbox 914 1118 948 1138; x_wconf 92' lang='lat' dir='ltr'>os</span> <span class='ocrx_word' id='word_1_181' title='bbox 964 1108 1029 1137; x_wconf 90' lang='lat' dir='ltr'>eius</span> <span class='ocrx_word' id='word_1_182' title='bbox 1046 1116 1118 1144; x_wconf 89' lang='lat' dir='ltr'>qua-</span> 
     </span>
     <span class='ocr_line' id='line_1_26' title="bbox 137 1149 1119 1187; baseline -0.002 -8"><span class='ocrx_word' id='word_1_183' title='bbox 137 1150 295 1187; x_wconf 89' lang='lat' dir='ltr'>dringenta</span> <span class='ocrx_word' id='word_1_184' title='bbox 312 1150 410 1179; x_wconf 83' lang='lat' dir='ltr'>stadia</span> <span class='ocrx_word' id='word_1_185' title='bbox 427 1150 578 1186; x_wconf 86' lang='lat' dir='ltr'>processit</span> <span class='ocrx_word' id='word_1_186' title='bbox 599 1150 627 1179; x_wconf 93' lang='lat' dir='ltr'>in</span> <span class='ocrx_word' id='word_1_187' title='bbox 646 1159 740 1186; x_wconf 80' lang='lat' dir='ltr'>mare,</span> <span class='ocrx_word' id='word_1_188' title='bbox 758 1151 879 1179; x_wconf 87' lang='lat' dir='ltr'>tandem</span> <span class='ocrx_word' id='word_1_189' title='bbox 899 1149 959 1180; x_wconf 81' lang='lat' dir='ltr'>voti</span> <span class='ocrx_word' id='word_1_190' title='bbox 976 1149 1023 1179; x_wconf 93' lang='lat' dir='ltr'>sui</span> <span class='ocrx_word' id='word_1_191' title='bbox 1039 1157 1119 1178; x_wconf 90' lang='lat' dir='ltr'>com-</span> 
     </span>
     <span class='ocr_line' id='line_1_27' title="bbox 138 1190 1119 1228; baseline -0.003 -7"><span class='ocrx_word' id='word_1_192' title='bbox 138 1200 210 1228; x_wconf 86' lang='lat' dir='ltr'>pos:</span> <span class='ocrx_word' id='word_1_193' title='bbox 237 1191 491 1228; x_wconf 86' lang='lat' dir='ltr'>praesidibusque</span> <span class='ocrx_word' id='word_1_194' title='bbox 518 1196 547 1220; x_wconf 92' lang='lat' dir='ltr'>et</span> <span class='ocrx_word' id='word_1_195' title='bbox 572 1191 662 1221; x_wconf 86' lang='lat' dir='ltr'>maris</span> <span class='ocrx_word' id='word_1_196' title='bbox 689 1196 718 1221; x_wconf 88' lang='lat' dir='ltr'>et</span> <span class='ocrx_word' id='word_1_197' title='bbox 739 1193 873 1222; x_wconf 88' lang='lat' dir='ltr'>locorum</span> <span class='ocrx_word' id='word_1_198' title='bbox 895 1191 953 1221; x_wconf 92' lang='lat' dir='ltr'>diis</span> <span class='ocrx_word' id='word_1_199' title='bbox 970 1190 1119 1220; x_wconf 85' lang='lat' dir='ltr'>sacrificio</span> 
     </span>
     <span class='ocr_line' id='line_1_28' title="bbox 137 1232 529 1263; baseline -0.003 -1"><span class='ocrx_word' id='word_1_200' title='bbox 137 1234 216 1262; x_wconf 82' lang='lat' dir='ltr'>sacto</span> <span class='ocrx_word' id='word_1_201' title='bbox 232 1233 271 1262; x_wconf 86' lang='lat' dir='ltr'>ad</span> <span class='ocrx_word' id='word_1_202' title='bbox 287 1233 417 1263; x_wconf 82' lang='lat' dir='ltr'>classem</span> <span class='ocrx_word' id='word_1_203' title='bbox 432 1232 529 1262; x_wconf 88' lang='lat' dir='ltr'>rediit.</span> 
     </span>
    </p>
   </div>
   <div class='ocr_carea' id='block_1_4' title="bbox 573 1299 727 1329">
    <p class='ocr_par' dir='ltr' id='par_1_5' title="bbox 573 1299 727 1329">
     <span class='ocr_line' id='line_1_29' title="bbox 573 1299 727 1329; baseline -0.006 0"><span class='ocrx_word' id='word_1_204' title='bbox 573 1299 666 1329; x_wconf 84' lang='lat' dir='ltr'>CAP.</span> <span class='ocrx_word' id='word_1_205' title='bbox 692 1300 727 1328; x_wconf 91' lang='lat' dir='ltr'>X.</span> 
     </span>
    </p>
   </div>
   <div class='ocr_carea' id='block_1_5' title="bbox 135 1355 1167 1766">
    <p class='ocr_par' dir='ltr' id='par_1_6' title="bbox 135 1355 1167 1766">
     <span class='ocr_line' id='line_1_30' title="bbox 219 1355 1147 1392; baseline -0.002 -6"><span class='ocrx_word' id='word_1_206' title='bbox 219 1356 286 1392; x_wconf 76' lang='lat'><strong>(38)</strong></span> <span class='ocrx_word' id='word_1_207' title='bbox 307 1357 381 1386; x_wconf 78' lang='lat' dir='ltr'>Hinc</span> <span class='ocrx_word' id='word_1_208' title='bbox 402 1358 562 1387; x_wconf 78' lang='lat' dir='ltr'>adversum</span> <span class='ocrx_word' id='word_1_209' title='bbox 579 1357 690 1387; x_wconf 84' lang='lat' dir='ltr'>flumen</span> <span class='ocrx_word' id='word_1_210' title='bbox 707 1357 787 1386; x_wconf 86' lang='lat' dir='ltr'>subit</span> <span class='ocrx_word' id='word_1_211' title='bbox 801 1355 909 1385; x_wconf 88' lang='lat' dir='ltr'>elassis</span> <span class='ocrx_word' id='word_1_212' title='bbox 925 1360 954 1385; x_wconf 90' lang='lat' dir='ltr'>et</span> <span class='ocrx_word' id='word_1_213' title='bbox 965 1357 1058 1385; x_wconf 87' lang='lat' dir='ltr'>altero</span> <span class='ocrx_word' id='word_1_214' title='bbox 1073 1355 1121 1384; x_wconf 90' lang='lat' dir='ltr'>die</span> <span class='ocrx_word' id='word_1_215' title='bbox 1134 1360 1147 1385; x_wconf 92' lang='lat' dir='ltr'>l</span> 
     </span>
     <span class='ocr_line' id='line_1_31' title="bbox 136 1397 1121 1436; baseline -0.002 -9"><span class='ocrx_word' id='word_1_216' title='bbox 136 1400 266 1435; x_wconf 87' lang='lat' dir='ltr'>appulsa</span> <span class='ocrx_word' id='word_1_217' title='bbox 282 1403 328 1428; x_wconf 87' lang='lat' dir='ltr'>est</span> <span class='ocrx_word' id='word_1_218' title='bbox 343 1399 423 1427; x_wconf 77' lang='lat' dir='ltr'>liaud</span> <span class='ocrx_word' id='word_1_219' title='bbox 435 1400 541 1436; x_wconf 89' lang='lat' dir='ltr'>procul</span> <span class='ocrx_word' id='word_1_220' title='bbox 555 1400 622 1428; x_wconf 89' lang='lat' dir='ltr'>lacu</span> <span class='ocrx_word' id='word_1_221' title='bbox 635 1399 727 1433; x_wconf 89' lang='lat' dir='ltr'>salso,</span> <span class='ocrx_word' id='word_1_222' title='bbox 745 1398 832 1428; x_wconf 89' lang='lat' dir='ltr'>cuius</span> <span class='ocrx_word' id='word_1_223' title='bbox 848 1397 1000 1434; x_wconf 81' lang='lat' dir='ltr'>incognita</span> <span class='ocrx_word' id='word_1_224' title='bbox 1016 1402 1121 1426; x_wconf 84' lang='lat' dir='ltr'>natura</span> 
     </span>
     <span class='ocr_line' id='line_1_32' title="bbox 137 1438 1114 1477; baseline -0.003 -8"><span class='ocrx_word' id='word_1_225' title='bbox 137 1441 303 1476; x_wconf 85' lang='lat' dir='ltr'>plerosque</span> <span class='ocrx_word' id='word_1_226' title='bbox 319 1440 448 1476; x_wconf 87' lang='lat' dir='ltr'>decepit,</span> <span class='ocrx_word' id='word_1_227' title='bbox 465 1444 576 1470; x_wconf 84' lang='lat' dir='ltr'>temere</span> <span class='ocrx_word' id='word_1_228' title='bbox 592 1440 750 1477; x_wconf 81' lang='lat' dir='ltr'>ingressos</span> <span class='ocrx_word' id='word_1_229' title='bbox 766 1448 885 1476; x_wconf 83' lang='lat' dir='ltr'>aquam.</span> <span class='ocrx_word' id='word_1_230' title='bbox 922 1438 1042 1475; x_wconf 84' lang='lat' dir='ltr'>Quippe</span> <span class='ocrx_word' id='word_1_231' title='bbox 1054 1446 1114 1467; x_wconf 90' lang='lat' dir='ltr'>sea-</span> 
     </span>
     <span class='ocr_line' id='line_1_33' title="bbox 136 1479 1119 1518; baseline -0.002 -9"><span class='ocrx_word' id='word_1_232' title='bbox 136 1481 201 1511; x_wconf 84' lang='lat' dir='ltr'>bies</span> <span class='ocrx_word' id='word_1_233' title='bbox 228 1490 358 1518; x_wconf 81' lang='lat' dir='ltr'>corpora</span> <span class='ocrx_word' id='word_1_234' title='bbox 384 1482 508 1517; x_wconf 83' lang='lat' dir='ltr'>invasit,</span> <span class='ocrx_word' id='word_1_235' title='bbox 537 1487 566 1511; x_wconf 90' lang='lat' dir='ltr'>et</span> <span class='ocrx_word' id='word_1_236' title='bbox 588 1481 758 1518; x_wconf 83' lang='lat' dir='ltr'>contagium</span> <span class='ocrx_word' id='word_1_237' title='bbox 781 1481 876 1511; x_wconf 89' lang='lat' dir='ltr'>morbi</span> <span class='ocrx_word' id='word_1_238' title='bbox 891 1480 980 1510; x_wconf 86' lang='lat' dir='ltr'>etiam</span> <span class='ocrx_word' id='word_1_239' title='bbox 995 1479 1025 1508; x_wconf 89' lang='lat' dir='ltr'>in</span> <span class='ocrx_word' id='word_1_240' title='bbox 1042 1479 1119 1508; x_wconf 89' lang='lat' dir='ltr'>alios</span> 
     </span>
     <span class='ocr_line' id='line_1_34' title="bbox 136 1520 1167 1559; baseline -0.002 -8"><span class='ocrx_word' id='word_1_241' title='bbox 136 1524 290 1559; x_wconf 74' lang='lat' dir='ltr'>vulgatum</span> <span class='ocrx_word' id='word_1_242' title='bbox 317 1528 370 1552; x_wconf 89' lang='lat' dir='ltr'>est.</span> <span class='ocrx_word' id='word_1_243' title='bbox 427 1523 530 1552; x_wconf 88' lang='lat' dir='ltr'>Oleum</span> <span class='ocrx_word' id='word_1_244' title='bbox 556 1523 690 1553; x_wconf 87' lang='lat' dir='ltr'>remedio</span> <span class='ocrx_word' id='word_1_245' title='bbox 718 1523 781 1552; x_wconf 86' lang='lat' dir='ltr'>fuit.</span> <span class='ocrx_word' id='word_1_246' title='bbox 828 1523 980 1551; x_wconf 69' lang='lat' dir='ltr'>Leonnato</span> <span class='ocrx_word' id='word_1_247' title='bbox 1008 1520 1118 1550; x_wconf 84' lang='lat' dir='ltr'>deinde</span> <span class='ocrx_word' id='word_1_248' title='bbox 1132 1524 1148 1549; x_wconf 81' lang='lat'><strong>2</strong></span> <span class='ocrx_word' id='word_1_249' title='bbox 1165 1551 1167 1554; x_wconf 65' lang='grc'><em>,</em></span> 
     </span>
     <span class='ocr_line' id='line_1_35' title="bbox 136 1562 1118 1601; baseline -0.002 -9"><span class='ocrx_word' id='word_1_250' title='bbox 136 1564 320 1600; x_wconf 85' lang='lat' dir='ltr'>praemisso,</span> <span class='ocrx_word' id='word_1_251' title='bbox 344 1569 376 1593; x_wconf 95' lang='lat' dir='ltr'>ut</span> <span class='ocrx_word' id='word_1_252' title='bbox 390 1569 500 1601; x_wconf 89' lang='lat' dir='ltr'>puteos</span> <span class='ocrx_word' id='word_1_253' title='bbox 516 1565 647 1595; x_wconf 81' lang='lat' dir='ltr'>foderet.</span> <span class='ocrx_word' id='word_1_254' title='bbox 671 1573 729 1601; x_wconf 84' lang='lat' dir='ltr'>qua</span> <span class='ocrx_word' id='word_1_255' title='bbox 747 1563 877 1594; x_wconf 84' lang='lat' dir='ltr'>terrestri</span> <span class='ocrx_word' id='word_1_256' title='bbox 894 1563 998 1592; x_wconf 88' lang='lat' dir='ltr'>itinere</span> <span class='ocrx_word' id='word_1_257' title='bbox 1014 1562 1118 1591; x_wconf 61' lang='lat' dir='ltr'>ductu&lt;</span> 
     </span>
     <span class='ocr_line' id='line_1_36' title="bbox 137 1602 1119 1643; baseline -0.003 -9"><span class='ocrx_word' id='word_1_258' title='bbox 137 1614 186 1634; x_wconf 82' lang='lat' dir='ltr'>tus</span> <span class='ocrx_word' id='word_1_259' title='bbox 197 1605 362 1635; x_wconf 82' lang='lat' dir='ltr'>exereitum</span> <span class='ocrx_word' id='word_1_260' title='bbox 377 1606 592 1642; x_wconf 73' lang='lat' dir='ltr'>videbatu1,-</span> <span class='ocrx_word' id='word_1_261' title='bbox 602 1606 715 1643; x_wconf 80' lang='lat' dir='ltr'>quippe</span> <span class='ocrx_word' id='word_1_262' title='bbox 729 1605 811 1635; x_wconf 83' lang='lat' dir='ltr'>sicca</span> <span class='ocrx_word' id='word_1_263' title='bbox 824 1609 887 1634; x_wconf 85' lang='lat' dir='ltr'>erat</span> <span class='ocrx_word' id='word_1_264' title='bbox 898 1604 1040 1641; x_wconf 84' lang='lat' dir='ltr'>regio,——</span> <span class='ocrx_word' id='word_1_265' title='bbox 1052 1602 1119 1638; x_wconf 83' lang='lat' dir='ltr'>ipse</span> 
     </span>
     <span class='ocr_line' id='line_1_37' title="bbox 135 1646 1089 1695; baseline -0.001 -20"><span class='ocrx_word' id='word_1_266' title='bbox 135 1655 202 1676; x_wconf 82' lang='lat' dir='ltr'>cum</span> <span class='ocrx_word' id='word_1_267' title='bbox 211 1647 309 1683; x_wconf 87' lang='lat' dir='ltr'>copiis</span> <span class='ocrx_word' id='word_1_268' title='bbox 319 1647 465 1681; x_wconf 89' lang='lat' dir='ltr'>subsistit</span> <span class='ocrx_word' id='word_1_269' title='bbox 474 1656 599 1677; x_wconf 72' lang='lat' dir='ltr'>xernuni</span> <span class='ocrx_word' id='word_1_270' title='bbox 608 1651 725 1684; x_wconf 76' lang='lat' dir='ltr'>tempus</span> <span class='ocrx_word' id='word_1_271' title='bbox 735 1651 911 1683; x_wconf 80' lang='lat' dir='ltr'>expectans</span> <span class='ocrx_word' id='word_1_272' title='bbox 919 1646 965 1674; x_wconf 84' lang='lat' dir='ltr'>In·</span> <span class='ocrx_word' id='word_1_273' title='bbox 995 1652 1040 1695; x_wconf 57' lang='lat' dir='ltr'>uA·</span> <span class='ocrx_word' id='word_1_274' title='bbox 1052 1650 1089 1670; x_wconf 74' lang='lat'>325</span> 
     </span>
     <span class='ocr_line' id='line_1_38' title="bbox 136 1675 1146 1725; baseline -0.003 -8"><span class='ocrx_word' id='word_1_275' title='bbox 136 1688 218 1717; x_wconf 79' lang='lat' dir='ltr'>terim</span> <span class='ocrx_word' id='word_1_276' title='bbox 235 1692 264 1717; x_wconf 86' lang='lat' dir='ltr'>et</span> <span class='ocrx_word' id='word_1_277' title='bbox 280 1689 370 1717; x_wconf 72' lang='lat' dir='ltr'>urbes</span> <span class='ocrx_word' id='word_1_278' title='bbox 393 1690 557 1725; x_wconf 83' lang='lat' dir='ltr'>plerasque</span> <span class='ocrx_word' id='word_1_279' title='bbox 579 1689 723 1718; x_wconf 83' lang='lat' dir='ltr'>condidit.</span> <span class='ocrx_word' id='word_1_280' title='bbox 764 1688 901 1717; x_wconf 86' lang='lat' dir='ltr'>Nearcho</span> <span class='ocrx_word' id='word_1_281' title='bbox 923 1691 965 1716; x_wconf 84' lang='lat' dir='ltr'>at·</span> <span class='ocrx_word' id='word_1_282' title='bbox 984 1681 1018 1720; x_wconf 63' lang='lat'>0³12</span> <span class='ocrx_word' id='word_1_283' title='bbox 1029 1675 1118 1724; x_wconf 51' lang='lat'>(1&#39;1&#39;323&#39;</span> <span class='ocrx_word' id='word_1_284' title='bbox 1130 1688 1146 1714; x_wconf 82' lang='grc'><strong>3</strong></span> 
     </span>
     <span class='ocr_line' id='line_1_39' title="bbox 136 1726 1119 1766; baseline -0.002 -9"><span class='ocrx_word' id='word_1_285' title='bbox 136 1738 193 1764; x_wconf 73' lang='lat' dir='ltr'>que</span> <span class='ocrx_word' id='word_1_286' title='bbox 211 1729 380 1758; x_wconf 75' lang='lat' dir='ltr'>Onesicrito</span> <span class='ocrx_word' id='word_1_287' title='bbox 408 1730 545 1759; x_wconf 88' lang='lat' dir='ltr'>nauticae</span> <span class='ocrx_word' id='word_1_288' title='bbox 562 1731 602 1759; x_wconf 87' lang='lat' dir='ltr'>rei</span> <span class='ocrx_word' id='word_1_289' title='bbox 625 1730 729 1766; x_wconf 87' lang='lat' dir='ltr'>peritis</span> <span class='ocrx_word' id='word_1_290' title='bbox 751 1728 923 1766; x_wconf 84' lang='lat' dir='ltr'>imperavit,</span> <span class='ocrx_word' id='word_1_291' title='bbox 949 1732 982 1756; x_wconf 90' lang='lat' dir='ltr'>ut</span> <span class='ocrx_word' id='word_1_292' title='bbox 997 1726 1119 1756; x_wconf 85' lang='lat' dir='ltr'>validis-</span> 
     </span>
    </p>
   </div>
  </div>
 </body>
</html>
