1210 1895
109 96 135 113 ιν
504 90 739 114 PRAEFATIO.

107 157 226 189 plendam
247 158 377 189 scriptoris
396 158 534 182 orationem
552 165 655 189 prorsus
675 158 816 182 necessaria
833 158 898 187 sint,
919 162 1036 193 tanquam
1058 158 1135 183 libra-

107 193 203 216 riorum
228 191 398 216 additamenta
422 199 478 215 esse
504 192 651 223 spernenda.
697 192 777 216 Huius
797 192 875 223 igitur
893 199 993 224 genens
1014 192 1132 217 lectiones

109 233 157 250 non
179 226 292 250 dubitavi
312 226 432 257 recipere,
450 225 567 256 vulgares
585 226 668 257 potius
683 226 805 250 editiones
820 233 895 256 quam
905 227 1054 257 Zumptium,
1072 235 1132 257 quo-

107 268 165 284 cum
185 260 211 283 in
231 259 287 283 aliis
307 260 453 291 plerumque
472 261 594 289 consensi,
614 264 722 288 secutus,
737 260 760 283 si
779 259 818 284 vel
837 268 915 291 aeque
931 261 998 284 bona
1013 260 1131 285 meliorve

107 294 216 318 adiectio
235 301 310 324 quam
329 294 433 318 omissio
449 294 578 318 videretur
595 302 659 321 esse,
681 294 720 318 vel
740 301 789 318 non
805 295 881 318 nimis
897 295 989 326 exigua
1004 300 1070 319 esset
1087 302 1130 319 au-

107 329 219 356 ctoritas,
240 328 279 352 vel
297 328 405 358 denique
426 328 493 352 nulla
513 329 544 352 de
564 328 712 360 ascriptione
730 336 776 359 per
794 328 923 352 librarium
942 328 1010 352 saeta
1027 329 1129 352 oriretur

107 362 235 394 suspicio:
259 369 321 392 quae
345 369 406 386 sane
425 362 538 394 suspicio
558 362 682 386 interdum
702 363 762 386 satis
789 362 860 386 firma
879 367 902 387 et
924 363 989 386 iusta
1011 366 1062 391 est,
1088 363 1130 386 ubi

106 396 221 420 librarios
232 400 346 428 apparet,
364 404 428 427 quae
442 395 526 428 legere
536 404 584 420 non
597 400 707 427 possent,
723 396 887 421 coniectando
897 397 996 427 assequi
1009 396 1129 420 voluisse.

174 430 253 454 Multa
270 435 353 453 tamen
373 431 398 454 in
419 430 535 454 curtiano
557 438 632 461 opere
653 430 820 459 inveniuntur,
840 438 911 461 quae,
930 438 1007 461 quum
1026 437 1075 462 ope
1089 438 1130 454 co-

106 465 197 493 dicum,
217 472 280 494 quos
300 464 383 488 adhuc
401 465 526 490 novimus„
548 465 641 496 corrigi
658 469 791 494 nequeant,
813 465 954 489 coniectura
973 468 1031 488 sunt.
1046 472 1129 488 emen-

106 499 197 523 danda.
235 498 358 527 Quoniam
375 506 434 523 vero
453 500 550 530 priores
567 499 676 523 editores
696 499 811 522 codicum
826 499 958 526 lectiones,
974 506 1038 529 quae
1057 499 1128 523 vitio-

105 541 147 557 sae
166 532 319 561 viderentur,
338 537 434 556 mutare
453 540 502 556 non
521 533 704 559 dubitaverunt,
725 533 791 556 idem
810 533 884 557 etiam
905 532 967 557 mihi
986 534 1025 556 ius
1044 533 1129 557 datum

104 574 159 591 esse
177 566 278 599 putavi:
301 566 327 590 in
349 574 398 597 quo
416 567 480 591 hanc
499 566 549 590 fere
569 575 669 598 semper
687 567 786 591 servavi
807 567 897 599 legem,
915 571 950 595 ut,
968 567 1018 591 nisi
1042 570 1129 598 aperta

104 605 189 626 essent
209 601 284 628 vitia,
304 601 453 625 coniecturis
473 601 633 625 abstinerem.
671 602 740 625 Meae
761 601 918 625 coniecturae
938 601 1028 632 partim
1049 608 1128 625 novae

104 639 170 664 sunt,
188 635 280 666 partim
298 635 347 659 iam
367 635 393 659 in
412 635 518 666 epistola
536 636 569 660 ad
586 635 741 660 Miitzellium
758 636 912 667 propositae.
948 635 1033 665 Neque
1044 640 1126 659 tamen

103 670 195 697 omnia,
215 676 279 700 quae
298 669 359 694 olim
377 670 529 701 excogitavi,
549 677 614 693 nunc
632 670 725 701 recepi,
744 670 789 693 sed
809 669 935 697 nonnulla,
956 677 1027 700 quae,
1044 669 1082 693 vel
1103 677 1127 693 re

104 704 186 727 denuo
203 703 328 735 pensitata
346 703 385 727 vel
407 704 515 735 cognitis
534 704 734 728 Florentinorum
755 704 868 728 codicum
888 704 1051 737 lectionibus,
1063 702 1127 727 falsa

103 745 158 762 esse
177 737 357 769 intelligerem,
376 737 514 768 repudiavi.
553 738 654 762 Praeter
672 738 693 761 A
705 738 820 762 cidalii
842 738 946 765 deinde,
967 737 1126 769 Zumptii,

102 771 273 796 Mntzellii
301 772 490 796 emendationes
513 772 614 803 Ieepii
640 772 817 803 potissimum.
845 772 890 796 viri
920 771 1124 803 ingeniosissimi,

101 805 192 830 multas
211 806 295 837 recepi
314 806 488 834 correctiones,
507 807 649 837 propositas
668 806 724 831 illas
742 806 767 829 in
783 806 902 830 Miitzellii
920 806 983 830 libro
998 810 1126 830 menstruo

101 840 289 872 gymnasiorum
314 840 401 863 usibus
424 840 548 864 destinato
574 848 597 864 a.
626 839 699 865 1848.
725 840 783 864 Vol.
805 842 823 864 1.
844 848 869 871 p,
890 838 1035 865 419-427.
1057 844 1081 863 et
1101 847 1124 864 a.

102 873 178 900 1850.
198 874 257 898 Vol.
278 874 297 898 1.
316 881 340 906 p.
361 872 479 899 57—65:
499 875 732 898 commentationem
748 876 802 899 eius
819 874 850 898 de
869 875 898 904 Q.
918 874 995 898 Curtii
1012 874 1066 898 Rufi
1086 873 1125 898 hi-

101 909 233 933 storiarum
254 908 409 940 fragmentis,
428 908 557 932 Guelferb.
569 916 591 935 a.
606 907 672 934 1827
683 909 784 938 editam,
798 916 943 940 comparare
961 908 1021 932 mihi
1039 915 1124 939 qnam-

99 943 139 966 vis
158 943 268 974 cupienti
289 950 337 966 non
356 942 470 974 contigit.
518 943 584 971 Quas
611 951 660 967 non
687 944 769 975 recepi
789 944 863 974 Ieepii
889 943 1062 970 coniecturas,
1082 949 1124 966 eas

100 980 167 1000 certe
185 984 271 1001 omnes
294 981 407 1001 accurate
428 977 570 1001 examinavi
588 985 668 1008 neque
687 978 781 1005 ullam,
807 978 855 1001 nisi
873 977 993 1009 gravibus
1018 977 1048 1001 de
1068 984 1124 1000 cau-

99 1012 152 1038 sis,
180 1011 269 1036 reieci:
304 1019 455 1041 quamquam
485 1019 550 1035 nunc
589 1012 690 1041 quidem
716 1019 805 1036 causas
833 1011 889 1036 illas
921 1015 1021 1042 propter
1048 1011 1122 1042 spatii

98 1044 160 1069 mihi
178 1046 291 1070 concessi
312 1046 442 1077 angustias
462 1053 587 1077 exponere
607 1053 655 1070 non
677 1046 743 1070 licet.
780 1046 857 1070 Multo
872 1045 958 1077 plures
978 1046 1032 1070 sine
1048 1045 1123 1069 dubio

98 1080 210 1111 recipere
230 1079 378 1112 potuissem,
405 1080 454 1103 nisi
474 1080 572 1111 leepius
592 1080 700 1111 Zumptii
720 1081 892 1104 auctoritatem
914 1083 1014 1103 secutus
1035 1079 1121 1107 multa,

98 1121 161 1144 quae
180 1114 206 1138 in
225 1114 326 1145 optimis
345 1113 473 1138 codicibus
492 1114 611 1138 lacunosa
629 1118 698 1139 suut.
716 1115 807 1146 spretis
823 1115 928 1138 aliorum
944 1113 1063 1137 librorum
1078 1113 1122 1137 ad—

98 1147 249 1176 ditamentis,
269 1151 374 1172 conatus
395 1152 461 1171 esset
480 1148 605 1172 mutandis
626 1148 732 1180 singulis
751 1148 833 1173 verbis
853 1147 999 1172 emendare:
1027 1148 1052 1171 in
1072 1154 1121 1177 quo

97 1181 159 1205 mihi
178 1182 215 1205 vir
233 1182 351 1214 egregius
374 1181 522 1206 felicissimo
549 1189 594 1205 suo
618 1182 720 1214 ingenio
743 1189 791 1206 non
814 1186 880 1206 recte
901 1189 962 1205 usus
985 1188 1041 1205 esse
1061 1188 1121 1212 ope-

97 1223 201 1246 ramque
222 1216 364 1248 perdidisse
389 1216 495 1240 videtur.

164 1250 215 1274 Iam
244 1257 321 1280 quum
341 1250 474 1281 discipulis
497 1249 560 1273 haec
588 1249 711 1273 destinata
739 1249 816 1273 editio
846 1249 890 1278 sit,
917 1257 998 1279 neque
1024 1249 1121 1273 licuerit

96 1283 159 1308 mihi
179 1284 286 1308 adiectis
304 1284 508 1308 annotationibus
526 1283 656 1315 scriptoris
672 1283 748 1308 verba
762 1283 887 1307 illustrare
905 1288 1066 1315 receptasque
1079 1284 1120 1307 de-

96 1317 198 1342 rendere
217 1318 351 1347 lectiones,
377 1318 424 1342 hac
452 1322 517 1342 certe
536 1317 692 1349 praefatione
712 1317 819 1341 breviter
842 1317 873 1341 de
896 1317 928 1341 iis
949 1317 1024 1341 Curtii
1047 1318 1120 1341 dictis

95 1359 178 1383 agam,
198 1359 262 1382 quae
281 1352 320 1376 vel
339 1359 395 1376 mea
414 1352 451 1376 vel
473 1353 579 1376 aliorum
602 1359 678 1384 opera
699 1351 785 1375 videor
803 1351 862 1375 mihi
882 1353 1032 1375 correxisse.
1071 1351 1119 1375 Sed

94 1387 213 1416 qnoniam
224 1387 344 1411 brevitate
360 1393 423 1418 opus
434 1390 480 1414 est,
498 1386 646 1418 plerumque
665 1394 710 1410 nec
728 1385 835 1409 aliorum
854 1386 985 1416 opiniones
1006 1385 1118 1410 refutabo

94 1427 140 1445 nec
158 1428 284 1452 apponam
304 1420 429 1452 exempla,
447 1421 538 1451 quibus
552 1427 633 1444 meam
651 1420 797 1444 sententiam
814 1419 952 1444 illustrem:
970 1420 1071 1443 uberius
1089 1420 1118 1443 de

93 1454 185 1478 iisdem
203 1455 278 1479 rebus
298 1458 483 1487 programmate
506 1454 667 1482 scholastico,
688 1454 755 1484 quod
774 1461 837 1478 anno
858 1454 973 1485 proximo
993 1461 1046 1478 sum
1066 1454 1117 1478 edi-

92 1492 173 1517 turus,
193 1489 326 1513 disseram.
370 1490 449 1520 Agam
469 1496 534 1513 nune
554 1493 635 1512 autem
658 1488 688 1512 de
709 1488 739 1512 iis
759 1492 853 1512 tautum
873 1488 1034 1517 coniecturis,
1054 1495 1117 1518 qnae

93 1529 108 1546 a
126 1530 166 1546 me
186 1523 266 1553 primo
288 1523 327 1547 vel
349 1523 427 1547 factae
450 1527 506 1547 sunt
523 1523 562 1547 vel
584 1526 713 1554 receptae:
743 1529 807 1553 quae
828 1522 859 1546 ab
879 1522 948 1546 aliis.
970 1522 1116 1553 praesertim

90 1564 108 1580 a
128 1557 263 1582 Miitzellio.
283 1558 332 1581 iam
353 1564 467 1588 receptae
486 1561 552 1584 sunt,
571 1564 613 1581 eas
631 1564 680 1580 non
699 1557 907 1581 commemorabo.
944 1556 991 1584 Qui
1012 1564 1069 1580 vero
1087 1555 1116 1579 da

92 1597 148 1614 ntea
170 1598 247 1622 opera
266 1591 376 1615 iudicare
396 1592 480 1619 velint,
503 1599 546 1615 eos
568 1591 675 1622 primum
698 1591 847 1623 rogaverim,
870 1594 903 1616 ut.
926 1594 1058 1620 antequam
1079 1590 1116 1613 iu-

92 1625 183 1651 dicent.
207 1626 307 1656 penitus
326 1626 490 1657 cognoverint
509 1625 681 1649 Curtianorum
692 1625 807 1649 codicum
825 1625 954 1650 rationem,
971 1624 1071 1655 deinde,
1085 1630 1116 1647 ne

92 1666 141 1682 una
161 1660 268 1690 Zumptii
289 1660 398 1683 editione
417 1663 517 1683 utantur
536 1664 559 1684 et
579 1659 713 1687 confidant,
732 1659 755 1682 in
779 1666 828 1689 qua
847 1659 878 1683 de
897 1659 1011 1683 codicum
1031 1657 1115 1681 lectio-

92 1693 166 1716 nibus
186 1701 234 1716 non
257 1701 356 1725 semper
373 1698 487 1718 accurate
509 1698 624 1724 recteque
644 1693 758 1717 traditur.
