1215 1895
121 112 163 142 54
465 112 497 147 Q.
520 111 676 140 CURTII
698 111 807 140 RUFI

122 189 191 217 bela
206 191 344 224 penetrat
359 187 397 215 ad
412 187 522 223 TIgrim
561 188 635 216 Tota
655 185 739 223 regio
762 187 840 215 ultra
860 195 978 216 amnem
993 188 1107 218 recenti

124 229 258 258 fumabat
274 228 431 258 incendio:
455 228 570 265 quippe
583 228 743 263 Mazaeus,
761 236 963 264 quaecunque
981 229 1105 263 adierat,

122 271 204 299 haud
220 278 311 299 secus
328 278 417 306 quam
433 269 529 299 hostis
545 270 659 299 urebat.
681 272 727 298 Ac
740 269 846 306 primo,
863 269 1000 306 caligine,
1018 280 1108 307 quarn
1117 275 1147 300 15

123 313 222 340 sumus
238 311 401 347 effuderat,
419 311 602 341 obscurante
618 313 731 346 lucem,
747 311 924 340 insidiarum
940 316 1020 341 metu
1036 313 1105 341 sub-

123 353 209 382 stitit:
227 353 346 388 deinde,
361 358 394 382 ut
409 354 617 389 speculatores
631 352 791 389 praemissi
804 357 866 382 tuta
879 352 979 381 omnia
991 353 1106 383 nuntia-

122 400 245 429 verunt,
274 403 388 430 paucos
416 395 550 430 equitum
576 395 614 423 ad
640 395 814 423 tentandum
835 395 947 423 vadum
973 394 1106 424 fluminis

120 436 291 473 praemisit:
315 436 401 465 cuius
423 436 548 465 altitudo
567 437 662 472 primo
680 444 796 465 summa
807 444 954 472 equorum
971 441 1105 472 pectora,

121 486 208 512 mox,
230 482 262 507 ut
277 477 305 507 in
328 478 459 506 medium
474 479 593 507 alveum
609 482 731 507 ventum
746 482 807 512 est,
829 478 965 507 cervices
983 486 1106 514 quoque

120 520 281 556 aequabat.
324 520 384 548 Nec
401 528 474 548 sane
490 519 567 549 alius
583 520 621 547 ad
644 519 766 548 orientis
783 520 902 555 plagam
918 523 978 548 tam
993 519 1107 549 violen-
1117 525 1148 550 16

120 567 169 590 tus
185 560 349 596 invehitur⁷
365 562 525 590 multorum
541 561 716 590 torrentium
732 569 792 589 non
808 569 905 597 aquas
921 562 1034 595 solum,
1052 562 1108 590 sed

121 602 211 632 etiam
227 611 303 631 saxa
319 611 422 632 secum
438 603 569 632 trahens.
592 603 697 638 ltaque
710 611 727 631 a
740 602 902 632 celeritate.
920 611 980 638 qua
992 601 1105 637 defluit,

121 644 201 680 Tigri
219 653 328 673 nomen
344 649 392 673 est
406 644 541 679 inditum⁷
560 644 631 680 quia
645 644 767 673 Persica
782 643 884 680 lingua
899 644 998 680 Tigrin
1016 643 1105 680 sagit-

123 692 181 715 tam
197 687 361 722 appellant.

205 727 271 761 (38)
294 728 387 763 Igitur
404 728 514 764 pedes,
541 728 624 757 velut
638 727 755 757 divisus
777 727 807 756 in
824 736 952 763 cornua,
980 728 1106 757 circum·
1116 732 1147 757 17

122 769 192 798 dato
210 769 354 805 equitatu,
370 769 478 798 levatis
495 778 588 805 super
603 769 702 805 capita
724 769 830 801 armis,
853 769 934 798 haud
954 778 1045 806 aegre
1067 769 1105 797 ad

120 810 221 846 ipsum
234 812 353 840 alveum
368 816 512 846 penetrat.
536 811 653 840 Primus
667 810 743 839 inter
758 810 876 847 pedites
891 819 946 839 rex
961 819 1105 846 egressus
1116 816 1148 840 18

120 852 150 880 in
166 852 264 888 ripam
279 853 391 881 vadum
407 852 549 881 militibus
562 860 660 881 manu.
679 852 801 888 quando
817 860 879 881 vox
891 852 1028 882 exaudiri
1044 860 1105 881 non

120 898 248 930 poterat,
265 894 405 923 ostendit.
431 894 491 923 Sed
508 894 632 930 gradum
649 894 768 923 firmare
783 893 834 922 vix
848 899 996 930 poterunt,
1013 902 1105 930 quum

120 936 212 965 modo
238 943 313 964 saxa
339 935 455 964 lubrica
479 935 641 971 vestigium
668 936 823 967 fallerent,
853 936 943 965 modo
969 935 1105 971 rapidior

120 977 203 1006 unda
216 977 408 1006 subduceret.
428 977 614 1013 Praecipuus
630 982 694 1006 erat
708 977 794 1006 labor
807 985 920 1012 eorum,
937 977 989 1013 qui
1003 977 1106 1006 liume-
1115 981 1147 1006 19

118 1018 161 1047 ris
178 1026 271 1047 onera
287 1019 461 1055 portabant:
485 1019 599 1055 quippe
616 1027 709 1054 quum
724 1018 907 1054 semetipsos
923 1027 1029 1054 regere
1045 1026 1105 1047 non

122 1065 259 1097 possent,
275 1060 304 1089 in
321 1060 446 1097 rapidos
463 1061 596 1097 gurgites
613 1060 805 1089 incommodo
822 1068 915 1089 onere
928 1060 1105 1089 aut'crcban—
1157 1072 1167 1084 ι

118 1108 181 1135 tur,
209 1107 253 1137 et⁷
280 1102 350 1131 dum
368 1110 423 1131 sua
439 1103 570 1138 quisque
586 1102 686 1138 spolia
701 1101 849 1137 consequi
869 1102 984 1135 studet,
1011 1101 1106 1130 maior

119 1143 197 1172 inter
218 1143 304 1179 ipsos
328 1152 417 1179 quam
441 1152 508 1172 cum
531 1143 611 1172 amni
633 1147 699 1172 orta
715 1143 837 1172 luctatio
855 1148 915 1174 est,
932 1142 1105 1178 cumulique

120 1184 306 1213 sarcinarum
324 1185 437 1221 passim
456 1185 608 1214 fluitantes
624 1186 789 1221 plerosque
810 1185 1010 1220 perculerant.
1039 1184 1147 1213 Rex20

119 1234 258 1261 monere,
274 1232 307 1255 ut
323 1226 396 1255 satis
413 1227 560 1255 haberent
574 1234 657 1254 arma
671 1226 816 1260 retinere,
839 1231 939 1255 cetera
955 1234 989 1254 se
1004 1224 1104 1254 reddi-

118 1274 226 1297 turum.
265 1268 324 1296 Sed
349 1276 449 1304 neque
465 1267 625 1297 consilium
641 1276 741 1304 neque
762 1267 920 1303 imperium
936 1266 1034 1303 accipi
1051 1275 1104 1302 po-

118 1313 209 1339 terat:
233 1310 430 1346 obstrepebat
450 1309 520 1338 hinc
536 1314 649 1343 metus,
673 1313 794 1345 praeter
808 1309 888 1337 hunc
904 1308 1034 1337 invicem
1050 1317 1104 1337 nn—

118 1351 243 1380 tantium
257 1355 378 1380 mutuus
395 1352 516 1380 clamor.
540 1351 681 1383 Tandem,
698 1359 757 1386 qua
772 1350 886 1379 leniore
900 1354 995 1379 tractu
1008 1349 1142 1379 amnis‘zl

118 1393 216 1429 aperit
236 1393 361 1423 vadum,
389 1401 556 1427 emersere,
583 1401 638 1421 nec
662 1392 825 1428 quicquam
847 1396 966 1428 praeter
988 1399 1103 1428 paucas

119 1434 257 1463 sarcinas
272 1434 478 1463 desideratum
494 1439 548 1463 est.
585 1433 685 1462 Deleri
702 1433 799 1469 potuit
813 1433 975 1468 exercitus⁷
992 1432 1018 1461 si
1035 1432 1103 1468 quis
1111 1436 1145 1461 22

117 1475 241 1505 vincere
266 1485 360 1505 ausus
382 1480 480 1510 esset,
507 1476 562 1504 sed
585 1480 732 1511 perpetua
753 1476 871 1504 fortuna
893 1474 974 1511 regis
996 1473 1104 1503 avertit

116 1517 188 1546 inde
205 1517 334 1546 hostem.
359 1517 409 1546 Sic
425 1517 596 1553 Granicum,
611 1521 654 1546 tot
669 1516 788 1545 milibus
806 1516 940 1553 equitum
953 1516 1101 1553 peditum-

119 1567 178 1594 que
194 1559 222 1587 in
239 1559 381 1588 ulteriore
397 1559 546 1588 stantibus
563 1558 638 1595 ripa,
655 1558 824 1594 superavit,
848 1558 892 1586 sie
913 1557 1051 1593 angustis
1072 1557 1102 1585 in

118 1599 239 1629 Ciliciae
261 1600 387 1629 callibus
408 1604 521 1629 tantam
542 1599 762 1629 multitudinem
779 1599 926 1629 hostium:
954 1598 1144 1628 audaciae23

116 1650 251 1677 quoque,
267 1650 327 1677 qua
341 1642 471 1671 maxime
487 1641 590 1678 viguit,
606 1642 681 1671 ratio
698 1641 789 1670 minui
805 1645 920 1677 potest,
938 1640 1009 1677 quia
1025 1649 1100 1668 nun-

118 1691 208 1718 quam
222 1682 253 1711 in
269 1683 429 1712 discrimen
453 1683 549 1716 venit,
576 1692 614 1712 an
637 1688 748 1712 temere
770 1682 903 1712 fecisset.
945 1682 1100 1716 Mazaeus,

118 1724 184 1761 qui,
210 1724 235 1753 si
257 1724 484 1754 transeuntibus
507 1725 619 1754 flumen
641 1723 886 1761 supervenisset,
911 1723 993 1752 haud
1008 1722 1100 1752 dubie
