1215 1905
138 123 204 154 218
485 122 518 158 Q.
541 123 695 151 CURTll
717 124 824 152 RUFI

144 206 300 235 aquarum,
317 198 371 226 sed
389 197 477 226 ctiam
493 197 576 226 saxis
592 198 777 234 impeditum.
820 198 1015 228 Percontatus
1036 199 1125 236 igitur
1138 205 1154 228 2

142 239 270 275 Phegea,
288 247 366 275 quae
382 239 538 267 noscenda
554 243 646 275 erant,
667 239 707 267 XI
723 239 838 268 dierum
854 240 930 268 ultra
946 239 1056 268 flumen
1071 249 1126 277 per

141 285 244 309 vastas
267 279 446 309 solitudines
473 279 528 309 iter
554 288 624 309 esse
649 280 822 316 cognoscit:
849 280 993 316 excipere
1015 280 1125 310 deinde

142 322 275 357 Gangen,
302 321 464 350 maximum
478 321 569 350 totius
585 321 687 350 Indiae
703 321 873 350 fluminum:
900 321 1073 351 ulteriorem
1088 322 1125 350 ri-
1137 326 1154 351 3

141 371 211 399 pam
227 363 327 392 colere
343 367 448 398 gentes
462 362 648 399 Gangaridas
662 367 691 391 et
702 362 823 392 Prasios
839 371 1007 398 eorumque
1022 371 1125 399 regem

141 411 212 433 esse
226 404 440 440 Aggrammen,
468 404 521 432 XX
535 404 655 433 milibus
672 403 806 440 equitum
822 403 1024 440 ducentisque
1040 404 1124 440 pedi-

139 449 202 474 tum
225 445 416 474 obsidentem
441 445 517 474 vias.
561 445 609 473 Ad
634 445 692 474 hoc
719 445 932 482 quadrigarum
959 446 1019 474 duo
1046 445 1154 474 milia4

140 486 259 515 trahere
275 491 304 515 et
326 486 523 523 praecipuum
545 491 688 515 terrorem
711 486 904 522 elephantos,
932 495 1010 523 quos
1036 486 1124 515 trium

140 527 253 556 milium
272 536 427 556 numerum
444 528 568 564 explere
584 527 711 556 dicebat.
756 527 945 556 Incredibilia
970 527 1035 564 regi
1060 536 1122 557 om-
1135 533 1151 557 5

140 569 190 598 nia
206 568 394 598 videbantur.
437 569 530 605 Igitur
543 569 652 598 Porum
667 571 749 602 (nam
765 577 832 598 cum
848 577 884 597 eo
901 571 977 603 erat)
995 576 1123 605 percon-

138 615 226 644 tatur,
242 618 280 638 an
297 618 369 639 vera
385 615 498 645 essent,
515 619 593 646 quae
609 610 789 639 dicerentur.
832 611 884 639 Ille
907 610 986 639 vires
1003 609 1124 646 quidem
1136 614 1152 640 6

139 651 237 688 gentis
253 655 283 680 et
297 651 382 688 regni
403 651 484 680 haud
507 652 582 680 falso
605 651 708 680 iactari
734 652 876 680 affirmat:
904 656 1044 685 ceterum,
1073 651 1124 688 qui

139 696 293 728 regnaret,
320 701 380 721 non
398 693 489 722 modo
516 692 678 728 ignobilem
696 701 782 728 esse,
808 693 864 722 sed
889 692 978 721 etiam
1003 692 1124 722 ultimae

141 733 247 763 sortis:
271 733 386 770 quippe
403 738 517 770 patrem
534 734 608 767 eius,
633 738 787 763 tonsorem
803 734 854 763 vix
870 734 976 763 diurno
995 738 1124 770 quaestu

139 775 367 812 propulsantem
383 776 505 810 samem,
533 780 658 811 propter
683 775 816 804 habitum
841 775 921 804 haud
946 775 1124 804 indecorum

138 816 223 845 cordi
240 816 335 845 fuisse
350 816 483 852 reginae.
524 817 570 845 Ab
587 825 622 845 ea
644 816 672 844 in
690 816 862 853 propiorem
882 816 962 851 eius,
990 816 1040 852 qui
1063 820 1123 845 tum
1135 821 1151 847 7

138 862 305 894 regnasset,
318 857 466 886 amicitiae
482 858 581 886 locum
598 858 760 893 admotum,
781 857 938 887 interfecto
955 866 992 887 eo
1008 865 1063 894 per
1078 857 1121 885 in-

138 899 248 934 sidias,
275 899 331 927 sub
356 898 460 935 specie
482 899 590 927 tutelae
606 898 732 928 liberum
748 898 814 928 eius
830 898 981 928 invasisse
996 906 1122 935 regnum

137 940 317 976 necatisque
332 940 435 976 pueris
451 940 539 974 hunc,
558 940 609 977 qui
625 948 705 969 nunc
719 944 833 976 regnat,
855 948 1029 976 generasse,
1046 939 1121 968 invi-

136 990 205 1010 sum
223 981 373 1017 vilemque
387 981 592 1017 popularibus,
612 982 708 1017 magis
728 986 869 1017 paternae
882 981 1020 1010 fortunae
1032 989 1121 1017 quam

137 1030 214 1052 suae
239 1031 411 1052 memorem.
453 1022 622 1051 Affirmatio
641 1022 707 1051 Pori
729 1022 924 1059 multiplicem
950 1021 1049 1051 animo
1075 1026 1151 1052 re-8

136 1064 185 1101 gis
204 1063 348 1093 iniecerat
363 1072 474 1093 curam.
518 1064 643 1093 Hostem
658 1064 827 1100 beluasque
844 1064 1015 1100 spernebat,
1033 1063 1121 1092 situm

137 1106 275 1134 iocorum
290 1109 320 1134 et
335 1105 394 1134 vim
410 1104 567 1134 fluminum
583 1105 813 1134 extimescebat:
843 1106 994 1141 relegatos
1011 1105 1039 1133 in
1055 1104 1121 1134 ulti·
1134 1110 1150 1135 9

134 1155 218 1175 mum
235 1155 331 1183 paene
347 1155 446 1176 rerum
463 1147 659 1176 humanarum
675 1146 821 1183 persequi
838 1146 994 1176 terminum
1011 1151 1040 1175 et
1055 1155 1121 1175 eru-

138 1197 189 1217 ere
205 1189 331 1217 arduum
346 1188 514 1217 videbatur.
557 1189 674 1217 Rursus
687 1188 812 1217 avaritia
828 1187 942 1224 gloriae
957 1192 986 1216 et
1000 1187 1122 1216 insatia—

138 1229 206 1258 bilis
222 1229 333 1265 cupido
351 1230 447 1258 famae
463 1229 533 1258 nihil
556 1229 682 1264 invium,
710 1229 781 1257 nihil
802 1233 949 1258 remotum
966 1228 1061 1258 videri
1081 1228 1120 1257 si·
1198 1244 1211 1268 ,-

140 1271 238 1299 nebat.
278 1271 314 1299 Et
329 1271 477 1299 interdum
494 1271 663 1305 dubitabat,
690 1279 728 1299 an
744 1271 927 1299 Macedones
942 1275 986 1299 tot
1008 1269 1122 1299 emensi
1132 1273 1164 1298 10

138 1311 236 1348 spatia
251 1316 412 1346 terrarum,
440 1312 469 1340 In
485 1312 550 1340 acie
566 1316 595 1340 et
610 1311 638 1340 in
656 1311 763 1341 castris
780 1320 871 1340 senes
888 1311 972 1346 sacti,
998 1319 1053 1347 per
1068 1311 1120 1340 ob·
1205 1333 1215 1352 ,ι

137 1353 216 1381 iecta
230 1352 361 1388 flumina,
385 1361 440 1389 per
454 1357 497 1382 tot
512 1357 636 1382 naturae
653 1353 807 1382 obstantes
824 1352 1017 1381 difficultates
1034 1360 1121 1381 secu-

139 1393 195 1423 turi
220 1398 339 1423 essent:
365 1394 553 1423 abundantes
576 1398 765 1430 onustosque
787 1394 901 1430 praeda
923 1393 1019 1430 magis
1036 1398 1121 1430 parta
1202 1414 1215 1435 m,

136 1435 196 1464 frui
211 1436 299 1471 velle,
326 1443 416 1472 quam
437 1435 622 1472 acquirenda
644 1435 770 1471 fatigari.
814 1435 878 1464 Non
905 1434 984 1463 idem
1010 1434 1067 1464 sibi
1093 1437 1159 1465 etl!

138 1476 280 1506 militibus
293 1476 383 1505 animi
396 1485 480 1506 esse:
491 1477 558 1515 [se],
567 1476 660 1506 totius
669 1476 916 1513 orbisimperium
928 1480 1026 1505 mente
1039 1483 1120 1505 com·
1199 1492 1213 1519 r(

138 1519 276 1554 plexum,
302 1518 401 1547 adhuc
416 1518 444 1547 in
463 1526 588 1554 operum
604 1526 727 1547 suorum
743 1517 907 1554 primordio
925 1522 1019 1546 stare:
1045 1516 1120 1545 mili-

138 1565 210 1594 tem,
237 1560 341 1588 labore
367 1559 576 1595 defatigatum,
602 1559 772 1596 proximum
805 1566 956 1595 quemque
982 1559 1119 1592 fructum,

137 1599 221 1630 finito
238 1601 359 1629 tandem
375 1600 520 1637 periculo,
539 1604 692 1637 expetere.
1198 1620 1214 1643 w*

216 1641 262 1677 (8)
283 1642 364 1671 Vicit
377 1650 449 1678 ergo
467 1642 578 1678 cupido
594 1642 750 1677 rationem,
767 1646 804 1677 et,
820 1641 858 1670 ad
874 1640 1052 1670 concionem
1067 1643 1167 1670 κιο-12γ
1187 1638 1215 1683 ῃζζῇ

137 1681 211 1711 catis
237 1682 399 1718 militibus‚.
416 1683 455 1712 ad
478 1683 558 1712 hunc
575 1683 704 1712 maxime
725 1683 847 1712 modum
869 1681 1026 1711 disseruit:
1054 1682 1119 1711 Non
1196 1702 1215 1727 Μ

135 1725 244 1760 (orioro,
268 1726 378 1759 mililes,
394 1726 492 1760 mulla,
509 1733 584 1761 quae
608 1728 720 1754 terrere
743 1733 790 1753 vos
809 1727 934 1760 possent,
957 1724 994 1751 ab
1018 1724 1120 1752 incolis
1198 1724 1215 1763 [ζ
