1215 1905
136 74 196 104 150
482 73 514 109 Q.
538 74 691 103 CURTIl
715 75 821 104 RUFI

137 154 182 179 tes
204 148 353 185 quosdam
377 147 497 184 erigens
519 152 548 178 et
569 148 661 184 alim,
688 158 780 186 quum
802 158 893 186 aegre
909 155 1120 187 sequerentur,

136 190 319 220 adminiculo
336 189 475 226 corporis
492 190 539 219 sui
555 189 721 227 excipiens.
757 191 842 220 Nunc
858 192 897 220 ad
913 192 1009 228 prima
1024 194 1120 230 signa,

137 231 256 261 nuncin
272 230 382 267 medio,
397 239 477 260 nunc
490 231 519 260 in
532 231 636 261 ultimo
650 232 778 269 agmine,
792 232 907 262 itineris
922 234 1119 271 multiplicato

136 274 255 308 labore,
277 273 391 303 aderat.
433 273 566 302 Tandem
589 274 627 303 ad
648 275 716 303 loca
731 274 857 304 cultiora
871 280 1050 312 perventum
1065 280 1120 311 est,
1130 280 1162 306 18

137 318 370 351 commeatuque
395 315 479 351 largo
506 319 661 345 recreatus
684 317 852 346 exercitus:
882 316 971 346 simul
997 321 1041 352 et,
1069 318 1120 354 qui

138 356 287 393 consequi
303 365 363 386 non
379 361 550 394 potuerant,
566 356 596 385 in
612 356 663 386 illa
678 362 779 387 castra
794 362 952 387 venerunt.

215 397 283 435 (14)
316 398 390 427 Inde
415 406 523 435 agmen
546 399 698 435 processit
722 399 761 428 ad
783 399 952 429 Caucasum
977 404 1119 436 montem,
1131 405 1163 430 19

137 440 224 470 cuius
246 440 372 469 dorsum
393 440 498 469 Asiam
524 445 672 477 perpetuo
693 440 763 477 iugo
789 440 910 470 dividit:
936 441 1006 470 hinc
1033 441 1122 471 simul

137 489 229 517 mare,
246 482 329 518 quod
337 481 469 511 Ciliciam
483 482 571 515 subit,
589 482 669 511 illinc
678 482 820 519 Caspium
836 484 944 512 fretum
960 487 989 512 et
1001 491 1119 512 amnem

136 526 260 553 Araxen
275 523 395 559 aliaque
410 523 543 560 regionis
556 524 699 562 Scythiae
714 525 834 554 deserta
846 528 973 561 spectat.
996 525 1160 560 Taurus‚2‹1

138 565 292 594 secundae
308 565 522 601 magnitudinis
535 574 632 601 mons,
648 566 840 596 committitur
853 566 999 601 Caucaso,
1016 575 1033 595 a
1046 567 1121 603 Cap-

137 607 268 642 padocia
284 615 317 635 se
333 607 474 636 attollens
491 607 624 636 Ciliciam
639 607 781 644 praeterit
796 607 1020 644 Armeniaeque
1035 616 1120 637 mon-

136 648 216 677 tibus
232 648 372 684 iungitur.
396 648 446 677 Sic
462 649 539 678 inter
552 657 586 678 se
602 653 645 678 tot
660 649 729 685 iuga
742 650 823 678 velut
839 649 918 679 serie
930 649 1158 679 cohaerentiam

137 694 316 726 perpetuum
333 689 445 719 habent
466 691 605 726 dorsum,
633 699 670 720 ex
687 699 747 727 quo
763 691 856 720 Asiae
872 691 972 720 onmia
987 691 1050 720 fere
1065 690 1120 720 ssu-

137 731 225 765 mina,
242 731 300 760 alia
315 731 344 760 in
361 732 493 767 rubrum,
511 731 569 761 alia
584 731 613 761 in
627 732 770 768 Caspium
782 740 873 768 mare,
889 733 947 761 alia
962 732 992 761 in
1005 733 1120 770 Hyrca-

136 773 218 802 nium
234 777 263 802 et
277 773 434 802 Ponticum
449 774 601 803 decidunt.
640 774 723 803 XVII
739 773 855 803 dierum
871 774 970 811 spatio
1015 791 1042 810 Α,
1056 791 1095 810 32„
1130 778 1162 803 22

137 814 306 844 Caucasum
323 815 479 851 superavit
491 815 651 844 exercitus.
683 816 787 851 Rupes
803 815 832 844 in
849 824 885 844 eo
901 816 927 844 X
943 814 972 844 in
998 822 1016 835 ³·
1029 815 1080 860 3¹3
1097 821 1118 834 ¹¹·

136 856 263 886 circuitu
279 856 377 886 stadia
393 856 618 893 complectitur,
643 861 783 893 quattuor
798 857 826 886 in
844 856 971 886 altitudi-
991 865 1117 891 incipiente.

136 905 204 926 nem
217 898 351 927 excedit:
368 897 397 927 in
410 907 470 934 qua
481 898 615 927 vinctum
622 898 800 927 Promethea
813 899 908 927 fuisse
921 906 957 927 an
992 890 1026 910 ⁰¹·
1042 891 1086 914 ¹¹²¹
1100 891 1119 910 ³·

134 939 258 975 niquitas
274 940 371 969 tradit.
406 939 590 969 Condendae
605 939 634 968 in
650 939 803 969 radicibus
818 939 929 968 montis
945 939 1011 968 urbi
1030 939 1121 968 sedes
1129 942 1160 968 23

136 981 232 1010 electa
247 985 302 1010 est.
325 982 381 1009 VlI
397 981 516 1010 milibus
533 981 686 1010 seniorum
704 981 902 1010 Macedonum
918 984 948 1010 et
962 984 1121 1017 praeterea

135 1021 288 1057 militibus,
306 1031 435 1059 quorum
451 1031 545 1059 opera
557 1023 599 1051 uti
612 1022 754 1057 desisset,
771 1022 953 1059 permissum
968 1021 997 1051 in
1010 1030 1120 1051 novam

135 1064 240 1093 urbem
256 1064 426 1094 considere.
449 1065 534 1093 Hanc
551 1072 675 1100 quoque
697 1064 914 1093 Alexandriam
932 1063 1051 1093 incolae
1067 1071 1119 1099 ap-

137 1106 335 1141 pellaverunt.

570 1173 661 1201 CAP.
686 1173 735 1200 IV.

214 1231 281 1266 (15)
292 1232 456 1261 AtBessus
464 1232 630 1261 Alexandri
641 1231 793 1260 celeritate
802 1230 989 1267 perterritus,
1002 1229 1060 1259 diis
1068 1237 1120 1266 pa·
1134 1235 1146 1259 1

137 1272 199 1302 triis
217 1272 366 1302 sacrificio
383 1273 438 1302 rite
456 1274 550 1307 facto,
574 1273 652 1302 sicut
668 1272 726 1301 illis
742 1273 881 1308 gentibus
898 1280 964 1301 mos
980 1276 1034 1306 est,
1051 1279 1120 1300 cum

135 1314 240 1343 amicis
257 1315 449 1351 ducibusque
465 1314 620 1351 copiarum
636 1314 712 1343 inter
728 1314 835 1350 epulas
852 1314 890 1342 de
905 1313 984 1342 bello
998 1314 1118 1342 consul-

135 1356 225 1385 tabat.
269 1356 383 1385 Graves
400 1364 483 1385 mero
506 1364 578 1385 suas
602 1356 682 1385 vires
703 1355 863 1390 extollere,
889 1355 1020 1384 hostium
1038 1358 1147 1383 nunc2

135 1397 341 1432 temeritatem,
357 1405 437 1426 nunc
454 1397 635 1433 paucitatem
652 1404 796 1433 spernere
812 1396 968 1433 incipiunt.
1001 1395 1119 1424 Praeci·
1131 1399 1147 1424 3

136 1446 194 1475 pue
212 1439 328 1468 Bessus
352 1440 436 1468 l'erox
453 1438 554 1468 verbis
571 1443 601 1468 et
616 1443 701 1474 parto
718 1446 773 1474 per
784 1438 885 1467 scelus
901 1445 995 1474 regno
1012 1445 1118 1473 super-

135 1481 191 1509 bus
207 1488 243 1509 ac
259 1480 308 1510 vix
326 1484 434 1517 potens
459 1480 567 1510 mentis
589 1480 692 1509 dicere
713 1479 844 1515 orditur,
866 1478 1009 1509 socordia
1029 1478 1118 1507 Darei

134 1521 270 1550 crevisse
285 1521 416 1552 hostium
432 1522 551 1550 samam.
596 1521 774 1550 Occurrisse
789 1520 868 1550 enim
884 1520 913 1550 in
930 1520 1050 1549 Ciliciae
1066 1527 1117 1548 an·
1130 1523 1145 1548 4

133 1563 317 1599 gustissimis
340 1563 494 1597 saucibus,
523 1571 615 1600 quum
635 1563 855 1592 retrocedendo
880 1565 987 1598 posset
1008 1561 1117 1597 perdu-

133 1612 202 1634 cere
218 1604 357 1634 incautos
374 1605 403 1634 in
421 1606 488 1634 loca
501 1609 626 1634 naturae
638 1604 697 1634 situ
709 1603 799 1640 invia,
815 1608 858 1633 tot
874 1602 1047 1632 fluminibus
1064 1603 1116 1631 ob-

133 1645 228 1681 iectis,
246 1650 288 1676 tot
299 1647 444 1676 montium
457 1647 594 1682 latebris,
611 1646 689 1676 inter
702 1654 779 1682 quas
792 1645 1002 1681 deprenensus
1018 1643 1115 1673 hostis

134 1695 171 1716 ne
199 1687 287 1724 fugae
313 1687 451 1724 quidem,
482 1689 593 1717 nedum
618 1686 780 1717 resistendi
807 1685 1001 1715 occasionem
1028 1684 1117 1714 fuerit
