1215 1895
133 70 205 100 LIB.
223 71 259 99 V.
293 69 375 99 CAP.
392 70 440 106 lX,
456 74 472 100 3
484 86 517 90 -
530 70 612 99 CAP.
627 70 661 106 X,
679 74 704 100 9.
724 80 762 107 [ν,
781 81 864 104 ‘ze-as.
884 81 924 108 z.1
1006 71 1047 102 99

52 145 181 177 inclusit.
204 146 284 183 Ergo
304 145 333 174 in
350 145 469 182 castris,
486 153 564 182 quae
580 145 691 175 nullius
707 146 891 183 regebantur
906 146 1044 184 imperio,

52 188 125 219 varii
141 188 311 217 animorum
327 192 427 217 motus
443 191 542 221 erant,
568 194 623 215 nec
646 186 675 216 in
693 195 869 225 commune,
893 193 924 218 ut
945 193 1043 225 antea,

51 230 277 260 consulebatur.
298 230 367 258 Dux
379 229 564 258 Graecorum
577 227 703 258 militum
714 229 823 259 Patron
837 239 921 259 arma
933 238 1044 267 capere

53 280 127 302 suos
155 271 237 301 iubet
264 275 450 308 paratosque
477 278 548 299 esse
575 269 612 298 ad
633 271 850 307 exequendum
875 272 1044 309 imperium.

49 313 161 343 Persae
177 316 385 343 secesserant:
408 312 527 341 Bessus
550 319 617 340 cum
631 312 801 342 Bactrianis
818 317 882 342 erat
898 314 1043 343 tentabat-

53 363 113 392 que
128 355 236 384 Persas
251 354 419 390 abducere,
434 353 543 383 Bactra
559 357 588 382 et
602 353 733 383 intactae
749 354 883 391 regionis
900 356 1045 392 opulenta

53 397 221 433 simulque,
238 404 316 433 quae
332 395 524 424 manentibus
541 394 688 424 instarent
703 396 855 432 pericula⁷
872 400 1040 427 ostentans.

51 437 210 468 Persarum
227 436 359 467 omnium
376 437 482 466 eadem
499 437 561 466 fere
578 435 632 466 suit
652 445 727 472 vox,
751 438 837 467 nefas
854 446 933 476 esse,
942 437 1042 468 deseri

50 487 162 517 regem.
184 479 265 509 Inter
279 479 355 508 haec
371 479 541 508 Artabazus
558 477 699 508 omnibus
716 479 919 516 imperatoriis
937 481 1043 516 funge-

51 521 138 550 batur
149 519 275 550 officiis:
291 520 341 550 illc
352 520 512 549 Persarum
526 520 722 549 tabernacula
735 520 904 557 circumire,
920 521 1042 556 hortari,

52 570 175 592 monere
191 570 272 591 nunc
289 561 441 598 singulos,
463 569 544 591 nune
560 561 723 592 universos
745 571 806 592 non
827 567 897 592 ante
920 563 1043 598 destitit,

53 612 144 641 quam
168 603 243 633 satis
265 607 433 639 constaret,
455 603 603 640 imperata
625 603 768 633 facturos.
811 604 895 634 Idem
913 613 1005 641 aegre
1026 612 1044 633 a

52 646 150 675 Dareo
167 645 352 683 impetravit,
368 649 401 674 ut
416 645 516 674 cibum
532 650 657 682 caperet
672 645 867 683 animumque
883 647 975 676 rebus
991 646 1043 675 ad—

52 691 192 717 verteret.

452 748 546 778 cAP.
571 749 606 778 X.

134 810 201 847 (28)
223 810 262 840 At
282 810 398 839 Bessus
421 814 450 840 et
472 810 665 840 Nabarzanes
687 810 758 840 olim
779 811 924 848 agitatum
939 812 1042 841 scelus

52 852 164 890 exequi
180 856 322 887 statuunt,
338 852 423 888 regni
439 852 605 889 cupiditate
617 852 756 882 accensi:
772 853 871 883 Dareo
885 856 986 883 autem
998 852 1043 882 in-

0 896 5 936 }
53 893 164 924 columi
181 897 278 924 tantas
294 901 372 930 opes
389 901 513 930 sperare
528 902 589 923 non
607 898 755 931 poterant.
801 894 920 931 Quippe
935 894 965 924 in
982 894 1041 924 illis

0 935 4 941 '
53 934 193 973 gentibus
214 943 320 972 regum
342 934 452 964 eximia
474 934 616 965 maiestas
640 940 702 965 est:
724 936 763 965 ad
784 944 895 966 nomen
919 944 1043 973 quoque

54 976 174 1007 barbari
191 976 389 1011 conveniunt,
407 981 437 1006 et
450 976 598 1014 pristinae
612 977 770 1007 veneratio
787 978 926 1008 fortunae
941 977 1044 1015 sequi-

52 1023 100 1048 tur
111 1019 282 1048 adversam.
306 1017 434 1048 Inflabat
446 1018 556 1055 impios
569 1019 687 1049 animos
699 1018 794 1056 regio,
812 1020 860 1049 cui
873 1024 1043 1056 praeerant,

54 1058 146 1090 armis
163 1059 299 1097 virisque
315 1064 344 1089 et
360 1059 458 1096 spatio
475 1061 611 1090 locorum
633 1060 706 1089 nulli
728 1068 831 1090 earum
847 1061 981 1098 gentium
996 1069 1044 1090 se-

54 1102 163 1131 cunda.
205 1100 336 1130 Tertiam
352 1105 468 1138 partem
484 1101 578 1131 Asiae
592 1106 689 1131 tenet:
711 1102 870 1133 multitudo
893 1102 1043 1132 iuniorum

54 1142 216 1179 exercitus,
234 1151 313 1179 quos
329 1142 472 1172 amiserat
482 1143 613 1179 Dareus,
630 1144 789 1180 aequabat.
813 1145 919 1181 Itaque
934 1152 995 1174 non
1011 1144 1044 1173 il-

55 1185 116 1215 lum
132 1184 239 1219 modo,
255 1184 312 1214 sed
329 1183 418 1213 etiam
434 1185 642 1215 Alexandrum
658 1185 858 1222 spernebant,
875 1185 946 1215 inde
960 1185 1043 1215 vires

36 1225 172 1263 ‚imperii
187 1225 351 1263 repetituri,
367 1226 393 1255 si
408 1226 489 1263 regis
506 1226 596 1263 potiri
612 1225 800 1264 contigisset.
829 1226 886 1257 Diu
902 1226 1044 1257 omnibus

55 1267 210 1305 cogitatis,
235 1266 363 1304 placuit,
385 1275 441 1304 per
461 1267 571 1297 milites
592 1267 770 1298 Bactrianos
792 1269 832 1298 ad
847 1277 937 1299 omne
954 1269 1044 1299 obse-

57 1309 160 1346 quium
175 1308 345 1339 destinates
361 1317 463 1347 regem
480 1309 742 1346 comprehendere
757 1309 895 1347 mittique
907 1311 1044 1340 nuntium

37 1350 95 1380 'ad
109 1350 325 1386 Alexandrum,
343 1350 395 1388 qui
410 1350 565 1387 indicaret,
581 1351 685 1380 vivum
697 1351 852 1382 asservari
864 1360 942 1387 eum,
960 1351 996 1388 si,
1014 1352 1045 1380 id

58 1392 140 1429 quod
156 1391 307 1428 timebant,
324 1392 526 1429 proditionem
538 1397 720 1429 aspernatus
732 1397 824 1429 esset⁷
841 1393 974 1424 occisuri
986 1395 1043 1423 Da-

37 1437 139 1463 'reum
154 1438 184 1463 et
198 1434 307 1463 Bactra
323 1442 391 1463 cum
408 1442 531 1463 suarum
546 1434 679 1471 gentium
695 1442 785 1464 manu
803 1434 934 1472 petituri.
960 1435 1043 1465 Cete-

56 1483 122 1505 rum
139 1475 297 1512 propalam
313 1475 531 1512 comprehendi
546 1476 663 1505 Dareus
679 1484 739 1505 non
759 1480 893 1513 poterat,
917 1480 960 1506 tot
975 1477 1044 1506 Per-

57 1525 159 1546 sarum
174 1516 295 1546 milibus
310 1516 415 1546 laturis
429 1524 520 1554 opem
534 1517 614 1554 regi:
631 1517 816 1547 Graecorum
829 1526 954 1555 quoque
966 1518 1044 1548 fides

59 1557 226 1588 timebatur.
270 1558 376 1595 Itaque
393 1559 476 1595 quod
492 1557 521 1587 vi
541 1567 602 1588 non
619 1563 774 1596 poterant,
798 1559 904 1589 fraude
918 1559 1043 1597 assequi

0 1591 20 1642 ³³·
57 1603 185 1630 tentant:
207 1599 423 1637 poenitentiam
439 1600 627 1630 secessionis
643 1600 787 1631 simulare
802 1601 1001 1631 decreverant
1015 1606 1045 1630 et

0 1634 22 1693 ᾖ
56 1649 205 1672 excusare
220 1642 303 1679 apud
316 1649 420 1679 regem
432 1642 710 1672 consternationem
726 1650 822 1672 suam.
843 1642 974 1678 Interim,
991 1642 1043 1680 qui

0 1674 22 1734 &e
55 1682 165 1713 Persas
177 1683 383 1719 sollicitarent,
397 1683 562 1714 mittuntur.
584 1684 661 1714 Hinc
674 1692 740 1721 spe,
757 1683 827 1754 hin⁷c
839 1689 920 1715 metu
936 1683 1040 1714 milita<

7 1721 14 1736 θ
824 1726 838 1743 *
