1215 1905
143 118 204 149 212
486 120 520 155 Q.
544 119 696 147 cumn
715 120 824 149 Ruri

141 198 351 230 praeparatum
374 198 449 228 erat)
478 193 574 230 pedes
594 196 750 229 amputare
772 198 947 230 coeperunt.
990 195 1162 231 Copidas29
1191 189 1197 193 ’

141 235 293 264 vocabant
307 234 425 271 gladios
440 234 546 263 leviter
561 238 718 270 curvatos,
744 233 872 263 falcibus
894 234 1023 271 similes,
1051 236 1119 273 quis

140 276 326 313 appetebant
339 276 495 305 beluarum
510 283 626 305 manus.
669 275 731 304 Nec
754 275 916 312 quicquam
930 276 1120 313 inexpertum

139 325 200 346 non
215 317 319 346 mortis
334 317 434 352 modo,
458 317 513 346 sed
534 316 622 346 etiam
637 316 667 345 in
680 316 748 352 ipsa
769 321 863 346 morte
885 317 954 346 novi
976 318 1119 355 supplicii

140 358 227 387 timor
243 358 404 387 omittebat.

218 399 286 435 (50)
316 400 394 435 Ergo
418 399 568 436 elephanti
592 399 765 428 vulneribus
781 400 900 428 tandem
918 400 1030 436 fatigati
1046 405 1160 432 suossso

138 440 251 477 impetu
267 445 417 476 sternunt,
432 446 475 475 et,
500 440 551 477 qui
566 445 706 469 rexerant
721 449 790 475 eos,
812 441 1000 477 praecipitati
1015 441 1045 470 in
1060 446 1116 471 ter—

138 490 202 510 ram
217 482 255 511 ab
270 481 346 519 ipsis
363 482 584 511 obterebantur.
628 482 732 518 ltaque
754 489 897 518 pecorum
914 483 1004 511 modo
1019 483 1115 519 magis

137 522 241 559 pavidi
257 531 346 560 quam
361 523 462 552 infesti
478 524 554 552 ultra
568 522 664 551 aciem
679 523 886 559 exigebantur,
903 532 995 560 quum
1008 524 1112 560 Porus,
1121 529 1155 555 31

137 565 297 594 destitutus
323 573 341 593 a
365 564 512 601 plumbus,
538 565 597 593 tela
621 565 712 593 multo
735 569 804 594 ante
820 569 1000 600 praeparata
1014 565 1042 594 in
1060 566 1115 594 cir-

137 607 292 635 cumfusos
313 613 352 634 ex
377 606 538 642 elephanto
565 614 621 634 suo
650 605 751 641 coepit
776 605 927 642 ingerere,
954 607 1115 643 multiSque

137 647 253 676 eminus
270 646 442 681 vulneratis,
459 646 618 683 expositus
634 647 700 682 ipse
715 647 754 675 ad
770 648 855 681 ictus,
878 646 1011 683 undique
1033 653 1114 684 pete-

136 688 233 717 batur.
275 688 389 717 Novem
404 688 463 716 iam
478 688 603 717 vulnera
617 687 686 716 hinc
708 693 808 724 tergo,
831 688 911 717 illinc
927 694 1049 724 pectore
1065 698 1115 718 ex-
1123 694 1156 719 32

136 732 259 766 ceperat
283 729 437 765 multoque
470 728 615 765 sanguine
648 730 772 765 profuso
802 729 951 765 languidis
977 729 1114 759 manibus

134 769 230 807 magis
254 770 359 806 elapsa
381 778 469 806 quam
492 778 622 799 excussa
644 771 701 799 tela
722 770 865 799 mittebat.
908 771 968 800 Nec
994 772 1156 807 segnius33

134 812 223 840 belua
239 811 379 840 instincta
393 811 492 846 rabie,
509 812 641 841 nondum
657 811 777 847 saucia,
792 811 989 841 invehebatur
1004 813 1113 841 ordini-

137 852 202 887 bus,
216 853 313 882 donec
326 857 426 882 rector
440 853 545 881 beluae
556 861 657 889 regem
671 853 839 889 conspexit,
852 852 1015 882 fluentibus
1023 861 1112 882 mem-

136 893 198 922 bris
214 894 399 930 omissisque
413 893 520 928 armis,
546 893 598 922 vix
619 898 790 930 compotem
805 895 921 924 mentis.
964 895 1037 923 Tum
1063 895 1112 923 be·
1121 899 1154 925 34

137 935 215 963 luam
231 934 260 963 in
277 936 377 971 sugam
393 935 536 970 concitat,
558 940 704 971 sequente
720 935 911 965 Alexandro:
939 935 995 964 sed
1015 944 1113 972 equus

134 975 200 1005 eius
215 976 315 1005 multis
337 976 510 1005 vulneribus
532 977 695 1005 confossus
717 976 925 1013 deficiensque
946 977 1114 1013 procubuit,

134 1017 234 1055 posito
250 1018 345 1053 magis
362 1025 442 1053 rege,
460 1025 548 1052 quam
564 1017 672 1046 effuso.
715 1018 821 1053 Itaque
842 1018 912 1046 dum
928 1026 1039 1054 equum
1051 1027 1113 1046 mu-

134 1063 182 1092 tat,
212 1058 325 1087 tardius
352 1058 507 1087 insecutus
534 1062 588 1087 est.
629 1058 748 1087 Interim
775 1059 865 1087 frater
889 1058 1011 1095 Taxilis,
1035 1058 1155 1095 regis35

134 1100 285 1134 Indorum,
301 1099 487 1136 praemissus
503 1100 540 1128 ab
554 1100 727 1128 Alexandro
744 1108 867 1129 monere
884 1100 984 1136 coepit
996 1100 1113 1136 Porum,

134 1149 171 1169 ne
186 1142 288 1170 ultima
303 1141 433 1177 experiri
449 1145 660 1177 perseveraret
675 1141 860 1178 dederetque
877 1149 910 1170 se
925 1141 1041 1170 victori.
1076 1142 1154 1172 At36

133 1182 198 1217 ille,
216 1191 396 1219 quamquam
413 1183 578 1212 exhaustae
593 1187 677 1212 erant
690 1182 786 1218 vires,
809 1182 1030 1220 deficiebatque
1044 1191 1113 1212 san-

133 1224 215 1260 guis,
243 1229 341 1253 tamen
357 1225 394 1252 ad
411 1229 510 1253 notam
528 1232 633 1253 vocem
650 1223 814 1260 excitatus,
840 1225 986 1260 Aynosco,
1008 1223 1113 1261 inquit,

136 1265 250 1295 Tua-ms
263 1266 400 1301 fratrem,
420 1267 537 1301 imperii
552 1267 693 1302 regnique
709 1267 757 1294 sm'
768 1266 945 1302 proditor-ss.-
968 1270 997 1294 et
1011 1266 1111 1299 telum,

133 1307 215 1343 quod
231 1315 320 1335 unum
338 1307 413 1335 forte
429 1315 487 1335 non
503 1306 676 1341 effluxerat,
705 1307 850 1336 contorsit
869 1306 899 1335 in
921 1315 1004 1335 eum:
1031 1307 1113 1343 quod

132 1356 187 1384 per
205 1348 336 1377 medium
361 1352 468 1384 pectus
495 1347 663 1383 penetravit
687 1347 726 1376 ad
749 1351 873 1384 tergum.
917 1348 982 1377 Hoc
1008 1347 1111 1377 ultimo
1120 1351 1153 1378 37

132 1388 249 1418 virtutis
266 1397 357 1426 opere
373 1390 463 1424 edito,
486 1389 589 1425 fugere
605 1388 704 1417 acrius
720 1388 835 1425 coepit:
863 1389 918 1418 sed
933 1389 1112 1425 elephantus

132 1438 263 1467 quoque,
281 1430 331 1466 qui
347 1432 438 1459 multa
453 1434 616 1466 exceperat
633 1430 697 1464 tela,
714 1429 882 1459 deficiebat.
914 1430 1020 1466 ltaque
1035 1429 1114 1459 sistit

131 1473 232 1508 sugam
247 1472 440 1508 peditemque
456 1472 594 1507 sequenti
610 1470 689 1500 hosti
706 1470 824 1499 obiecit.
863 1471 924 1499 Iam
939 1472 1153 1501 Alexander&

131 1516 313 1542 consecutus
330 1517 394 1542 erat
409 1517 452 1546 et,
477 1512 643 1549 pertinacia
657 1512 724 1541 Pori
745 1512 878 1548 cognita,
901 1513 1023 1542 vetabat
1037 1512 1112 1541 resi-

131 1555 278 1583 stentibus
303 1554 395 1590 parci.
437 1554 515 1590 Ergo
538 1553 672 1590 undique
693 1558 723 1582 et
744 1552 774 1581 in
790 1553 908 1589 pedites
924 1558 953 1583 et
968 1554 997 1582 in
1012 1553 1111 1590 ipsum

129 1595 236 1624 Porum
253 1596 311 1624 tela
326 1600 471 1632 congesta
487 1599 569 1624 sunt:
598 1593 666 1631 quis
692 1595 812 1623 tandem
832 1599 974 1631 gravatus
990 1594 1049 1623 labi
1071 1602 1108 1623 ex

130 1636 218 1665 belua
233 1636 344 1673 coepit.
380 1638 482 1671 Indus,
499 1636 550 1673 qui
566 1636 759 1672 elephantum
774 1636 907 1672 regebat,
923 1635 1109 1664 descendere
1117 1639 1150 1665 39

129 1686 197 1706 eum
221 1681 304 1706 ratus
330 1687 413 1707 more
435 1678 523 1707 solito
547 1677 739 1713 elephantum
763 1677 960 1713 procumbere
975 1676 1064 1705 iussit
1079 1677 1107 1705 in

130 1727 243 1755 genua:
266 1719 316 1754 qui
333 1725 364 1748 ut
379 1727 413 1748 se
429 1719 580 1754 submisit,
607 1718 697 1747 ceteri
721 1726 843 1754 quoque
864 1718 917 1754 (ita
932 1716 1010 1747 enim
1024 1717 1107 1747 insti-
