1215 1895
0 338 14 365 1⁹

186 65 323 96 12113.1v.
345 65 426 95 CAP.
439 66 488 101 111,
506 65 674 96 1s—CAP.
692 65 782 100 1v,5.
800 65 1002 93 [1v‚n-1s.z.1
1062 61 1104 92 39

18 148 19 152 ’
68 147 101 173 25
112 146 195 178 sent,
220 141 320 172 subito
343 141 452 171 laxatis
475 140 782 181 funibus,iniicerent,
815 140 893 170 Unci
923 147 1047 177 quoque
1073 143 1103 168 et

111 184 206 214 falces
222 192 262 213 ex
277 183 386 213 iisdem
401 182 558 213 asseribus
571 182 782 219 dependentes
795 187 845 211 aut
856 185 1102 219 propugnatores

110 230 162 255 aut
175 225 245 262 ipsa
261 225 382 263 navigia
397 224 578 254 lacerabant.
626 224 760 261 clypeos
787 232 860 253 vero
882 231 991 253 aereos
1008 223 1101 252 multo

111 268 181 304 igne
196 267 359 302 torrebant,
376 275 454 304 quos
469 266 604 302 repletos
621 265 737 295 fervida
755 273 848 295 arena
868 272 1029 302 coenoque
1050 264 1101 293 de-

68 313 102 340 26
113 313 200 339 coeto
217 316 233 338 e
249 309 342 338 muris
358 308 457 338 subito
474 307 686 337 devolvebant.
721 307 783 337 Nec
804 307 865 336 ulla
887 306 983 343 pestis
1005 305 1101 342 magis

111 351 285 380 timebatur:
308 349 422 387 quippe
443 349 495 378 ubi
517 349 642 378 loricam
665 357 842 386 corpusque
864 349 987 378 fervens
1009 355 1102 377 arena

111 396 330 429 penetraverat,
357 399 413 420 nec
428 392 489 420 ulla
506 391 534 420 vi
551 390 652 420 excuti
667 395 787 428 poterat
802 395 840 426 et,
868 389 1015 427 quiequid
1035 389 1101 418 atti-

110 438 208 470 gerat,
235 434 412 470 perurebat,
439 432 647 468 iacientesque
663 441 760 468 arma,
788 432 928 461 laceratis
950 430 1100 464 omnibus,

112 475 181 512 quis
202 475 321 512 protegi
342 478 498 512 poterant,
523 473 701 503 vulneribus
724 474 809 503 inulti
830 474 989 511 patebant:
1017 472 1100 502 corvi

109 525 182 546 vero
207 521 237 547 et
258 518 374 547 ferreae
395 525 503 546 manus
526 520 674 546 tormento
696 515 844 545 remissae
867 516 1032 552 plerosque
1054 522 1100 542 ra-

110 558 242 595 piebant.

500 628 556 657 CA
563 628 593 657 P.
618 628 668 656 lv.

79 692 92 717 1
187 685 253 722 (17)
275 685 330 715 His
345 693 400 715 rex
416 685 556 722 fatigatus
573 690 726 720 statuerat,
743 685 843 714 soluta
855 683 1025 719 obsidione,
1041 685 1100 713 Ae-

110 731 237 765 gyptum
261 732 373 764 petere.
414 727 533 764 Quippe
556 736 650 764 quum
670 726 776 756 Asiam
801 725 915 762 ingenti
941 726 1101 755 velocitate

111 768 326 806 percurrisset,
343 768 424 798 circa
438 777 543 799 muros
558 769 647 798 unius
665 768 747 798 urbis
762 768 921 802 haerebat,
943 772 987 797 tot
1008 767 1104 796 maxi-

81 816 225 842 2marum
250 818 349 839 rerum
372 810 599 847 opportunitate
621 810 756 839 dimissa.
799 809 938 839 Ceterum
959 814 1019 838 tam
1040 809 1101 838 dis-

111 852 220 882 cedere
235 851 359 888 irritum‚
376 861 466 889 quam
482 852 592 882 morari
605 852 755 889 pudebat:
770 852 880 880 samam
894 859 1026 888 quoque,
1042 859 1102 887 qua

112 895 197 931 plura
216 902 306 931 quam
328 894 420 924 armis
443 899 607 929 everterat,
626 899 708 924 ratus
724 893 870 923 leviorem
892 893 972 928 fore,
995 892 1021 922 si
1043 893 1100 930 Ty-

110 944 176 965 rum
192 936 280 973 quasi
295 940 418 971 testem,
441 944 475 966 se
488 944 583 973 posse
600 936 694 970 vinci,
717 935 902 972 reliquisset.
948 934 1042 972 Igitur
1064 943 1101 963 ne

111 977 184 1014 quid
205 977 397 1014 inexpertum
419 978 584 1013 omitteret,
612 979 715 1014 plures
737 985 832 1006 naves
847 976 1004 1006 admoveri
1019 977 1102 1006 iubet

81 1023 97 1050 3
110 1019 307 1056 delectosque
319 1019 444 1049 militurn
458 1019 582 1056 imponi.
595 1020 631 1048 Et
644 1021 720 1049 forte
733 1020 832 1054 belua,
845 1018 1007 1048 inusitatae
1019 1026 1100 1054 mag-

110 1060 268 1094 nitudinis,
292 1069 386 1097 super
406 1061 492 1097 ipsos
515 1061 626 1090 fluctus
648 1061 741 1090 dorso
764 1060 901 1090 eminens
919 1061 958 1089 ad
980 1061 1100 1094 molem,

110 1110 201 1138 quam
215 1102 399 1132 Macedones
415 1102 562 1137 iecerant,
585 1102 694 1139 ingens
711 1111 824 1139 corpus
839 1101 986 1139 applicuit
1002 1102 1100 1131 diver-

109 1143 285 1180 beratisque
311 1143 454 1173 fluctibus
481 1145 617 1173 allevans
643 1149 739 1174 semet
759 1143 911 1180 utrimque
933 1148 1099 1180 conspecta

84 1188 171 1214 -lestz
199 1184 309 1214 deinde
334 1194 352 1214 a
379 1185 478 1222 capite
504 1185 593 1215 molis
619 1194 726 1215 rursus
748 1187 808 1216 alto
832 1194 866 1215 se
887 1185 1034 1215 immersit
1054 1194 1098 1220 ac,

109 1226 199 1255 modo
216 1234 310 1263 super
325 1227 424 1256 undas
439 1227 576 1256 eminens
592 1235 702 1264 magna
718 1227 765 1256 sui
780 1233 875 1264 parte,
888 1228 979 1257 modo
994 1236 1100 1264 super-

109 1267 186 1297 fusis
212 1267 354 1297 fluctibus
378 1269 514 1304 condita,
548 1269 630 1298 haud
659 1270 766 1306 procul
795 1269 987 1299 munimentis
1016 1268 1099 1298 urbis

80 1317 96 1341 5
109 1309 240 1338 emersit.
275 1310 420 1347 Utrisque
435 1311 531 1340 laetus
548 1310 602 1340 suit
615 1311 725 1341 beluae
740 1316 899 1348 aspectus:
914 1311 1100 1340 Macedones

107 1350 163 1380 iter
177 1350 316 1381 iaciendo
332 1352 419 1388 operi
441 1356 630 1382 monstrasse
651 1361 718 1382 eam
739 1352 982 1390 augurabantur,
1009 1352 1100 1390 Tyrii,

106 1392 293 1429 Neptunum,
320 1394 462 1430 occupati
477 1394 568 1423 maris
583 1393 752 1430 vindicem,
779 1394 953 1432 abripuisse
968 1395 1099 1428 beluam,

106 1441 142 1463 ac
157 1435 267 1463 molem
281 1435 366 1464 brevi
382 1437 521 1472 profecto
537 1435 691 1466 ruituram.
727 1437 874 1474 Laetique
891 1436 992 1466 omine
1008 1444 1044 1465 eo
1061 1436 1100 1465 ad

106 1476 213 1512 epulas
225 1476 336 1513 dilapsi
349 1485 517 1507 oneravere
530 1486 564 1507 se
577 1478 656 1513 vino,
671 1487 732 1515 quo
744 1487 864 1515 graves,
878 1483 944 1508 orto
959 1479 1034 1513 sole,
1047 1486 1099 1506 na-

105 1516 186 1554 vigia
202 1519 422 1555 conscendunt,
437 1519 577 1548 redimita
593 1519 720 1549 floribus
737 1520 939 1557 coronisque:
962 1520 1039 1549 adeo
1055 1519 1097 1548 vi—

106 1559 219 1588 ctoriae
235 1568 295 1589 non
313 1568 401 1589 omen
417 1562 525 1595 modo,
548 1561 604 1590 sed
620 1561 710 1591 etiam
724 1562 956 1598 gratulationem
971 1569 1098 1599 praece-

106 1605 221 1636 perant.

78 1643 94 1670 5
182 1641 248 1679 (18)
270 1643 360 1673 Forte
376 1652 430 1672 rex
446 1645 577 1673 classem
598 1644 627 1673 in
650 1644 802 1674 diversam
818 1650 934 1682 partem
961 1644 1009 1681 agi
1034 1644 1095 1673 ius-

107 1688 200 1720 serat,
221 1684 341 1721 triginta
357 1685 524 1716 minoribus
546 1686 675 1719 navigiis
691 1686 803 1716 relictis
819 1687 849 1716 in
866 1686 967 1716 litore:
995 1694 1012 1715 e
1030 1686 1095 1724 qui—
