1215 1905
172 81 244 111 LIB.
258 80 306 110 IX.
323 80 404 110 CAP.
417 80 465 116 lX,
478 80 649 110 22—CAP.
662 81 697 117 X,
710 84 751 111 14.
772 91 915 118 [mse-40.
929 91 968 118 z.]
1025 82 1085 112 241

94 158 189 189 simas
218 157 340 187 navium
368 156 555 186 deducerent
586 155 615 185 in
650 155 817 192 Oceanum,
854 157 1086 195 progressique,

96 201 199 238 quoad
221 204 284 230 tuto
312 203 455 236 possent,
478 202 615 228 naturam
636 198 728 228 maris
750 202 929 229 noscerent:
959 200 1008 229 vel
1035 208 1087 229 eo-

96 243 165 272 dem
181 249 269 271 amne
290 242 339 270 vel
353 240 506 278 Euphrate
527 239 630 270 subire
651 248 706 270 eos
727 248 837 278 posse,
864 249 957 278 quum
975 241 1087 271 reverti

101 285 140 314 ad
157 292 191 314 se
206 284 327 313 vellent.

65 332 82 357 4
178 324 245 361 (39)
268 325 393 362 lamque
407 323 541 361 mitigata
554 323 654 353 hieme
669 328 699 354 et
713 324 853 361 navibus,
871 332 951 362 quae
964 324 1087 354 inutiles

66 374 81 398 5
93 368 283 402 videbantur,
299 365 439 396 crematis
455 369 534 395 terra
549 366 680 395 ducebat
696 366 871 396 exercitum.
908 366 1004 395 Nonis
1020 374 1087 395 cas-

96 409 149 439 tris
165 408 194 438 in
211 408 366 445 regionem
379 407 542 442 Arabiton,
564 407 635 437 inde
657 407 781 438 totidem
798 408 906 437 diebus
928 407 958 437 in
975 408 1072 437 Cedro

96 451 210 481 siorum
226 454 405 487 perventum
427 453 483 478 est.
525 449 615 478 Libcr
635 449 683 479 hic
704 450 853 487 populus,
882 449 1011 479 concilio
1034 450 1074 478 ha

94 492 167 528 bito,
183 491 300 522 dedidit
314 499 364 527 se,
381 499 438 521 nec
454 490 618 528 quicquam
633 491 744 521 deditis
760 496 883 528 praeter
898 495 1086 521 commeatus

63 534 270 570 simperatum
291 537 347 563 est.
390 532 498 569 Quinto
521 532 590 562 hinc
612 532 662 562 die
683 533 766 562 venit
791 533 831 562 ad
856 532 985 562 flumen:
1011 533 1086 562 Ara-

93 576 165 605 bum
180 574 298 604 incolae
314 575 479 612 appellant.
523 574 618 611 Regio
636 575 756 604 deserta
775 579 805 604 et
825 583 974 612 aquarum
996 575 1086 611 inops

93 616 222 654 excipit:
250 625 340 653 quam
361 624 504 646 emensus
530 616 560 645 in
588 615 687 646 Oritas
714 615 829 646 transit.
871 616 915 645 Ibi
941 615 1087 646 maiorem

94 657 248 688 exercitus
263 662 380 695 partem
395 657 614 694 Hephaestioni
636 657 773 693 tradidit,
790 659 888 687 levem
904 662 1087 688 armaturam

63 705 79 733 7
93 708 161 730 cum
176 700 348 729 Ptolemaeo
365 700 585 736 Leonnatoque
601 699 729 736 partitus
746 704 801 730 est.
845 700 913 729 Tria
929 699 1019 729 simul
1035 707 1085 736 ag-

95 741 175 771 mina
191 741 416 778 populabantur
430 741 532 776 Indos,
551 749 741 778 magnaeque
757 742 891 779 praedae
901 745 988 772 actae
1001 746 1086 772 sunt:

96 782 264 813 maritimos
287 783 494 818 Ptolemaeus,
522 787 641 813 ceteros
666 782 735 820 ipse
757 791 811 813 rex
828 788 858 813 et
872 784 910 813 ab
926 783 986 813 alia
1000 787 1087 821 parte

92 826 267 854 Leonnatus
282 824 419 854 urebant.
458 825 491 853 In
505 824 561 853 hac
579 832 704 861 quoque
719 825 844 862 regione
863 826 967 855 urbem
982 824 1086 856 condi-

93 866 144 902 dit,
161 865 346 903 deductique
363 869 434 895 sunt
448 865 478 895 in
494 874 561 895 eam
576 865 747 895 Arachosii.

62 912 80 940 8
176 906 242 944 (40)
271 906 348 936 Hinc
370 907 510 944 pervenit
531 908 570 936 ad
593 907 759 937 maritimos
781 908 885 938 Indos.
928 910 1086 938 Desertam

92 953 273 986 vastamque
293 948 449 986 regionem
471 950 530 979 late
551 953 655 978 tenent
675 957 712 978 ac
733 958 771 979 ne
787 958 855 979 cum
870 949 1004 980 finitimis
1020 949 1085 986 qui-

64 995 81 1022 9
93 992 162 1020 dem
174 991 235 1020 ullo
253 990 426 1020 commercii
442 990 506 1020 iure
521 990 697 1020 miscentur.
739 992 810 1028 Ipsa
832 991 965 1022 solitudo
981 996 1086 1021 natura

94 1040 219 1070 quoque
234 1031 359 1062 immitia
373 1032 513 1062 efferavit
527 1032 664 1069 ingenia:
688 1032 861 1069 prominent
874 1041 993 1070 ungues
1010 1041 1085 1062 nun-

54 1079 84 1105 10
93 1083 184 1111 quam
208 1073 314 1103 recisi:
342 1081 448 1104 comae
470 1073 604 1104 hirsutae
626 1079 656 1104 et
676 1074 817 1105 intonsae
833 1079 912 1105 sunt.
955 1075 1086 1112 Tuguria

93 1115 219 1146 conchis
239 1119 269 1145 et
285 1115 394 1145 ceteris
409 1116 617 1153 purgamentis
633 1116 724 1146 maris
745 1116 906 1147 instruunt.
941 1117 1084 1147 Ferarum

94 1157 226 1195 pellibus
250 1156 337 1192 tecti,
364 1157 502 1194 piscibus
525 1159 590 1187 sole
612 1158 727 1188 duratis
750 1163 780 1188 ct
794 1158 942 1189 maiorum
960 1167 1084 1196 quoque

52 1200 258 1234 llbeluarum‚
276 1208 353 1235 quas
369 1199 481 1229 fluctus
496 1199 593 1236 eiecit,
611 1208 701 1230 carne
718 1205 892 1230 vescuntur.
938 1201 1083 1230 Consum-

92 1241 153 1279 ptis
169 1241 259 1277 igitur
273 1240 423 1270 alimentis
438 1241 623 1271 Macedones
639 1241 737 1278 primo
752 1242 895 1279 inopiam,
920 1242 1030 1272 deinde
1045 1243 1084 1272 ad

92 1282 229 1313 ultimum
245 1283 354 1312 samem
371 1283 482 1313 sentire
505 1288 688 1320 coeperunt,
714 1283 835 1314 radices
861 1284 1030 1321 palmarum
1042 1300 1086 1306 —-

55 1330 84 1356 12
93 1332 226 1362 namque
241 1325 308 1354 sola
323 1332 359 1354 ea
374 1325 465 1354 arbor
485 1325 617 1362 gignitur
634 1342 668 1347 —
687 1325 802 1364 ubique
823 1325 977 1356 rimantes.
1022 1325 1084 1355 Sed

93 1375 186 1404 quum
202 1366 278 1396 haec
295 1375 419 1403 quoque
431 1366 573 1396 alimenta
588 1367 778 1403 defecerant,
805 1367 938 1397 iumenta
953 1368 1084 1398 caedere

91 1407 230 1446 aggressi
247 1416 284 1437 ne
300 1408 389 1445 equis
406 1408 530 1445 quidem
545 1409 751 1439 abstinebant:
777 1414 806 1439 et
822 1418 914 1446 quum
929 1409 1083 1445 deessent,

93 1458 172 1487 quae
189 1449 326 1480 sarcinas
341 1449 503 1484 veherent,
520 1450 620 1487 spolia
635 1451 673 1480 de
688 1451 844 1485 hostibus,
861 1455 987 1488 propter
1003 1459 1083 1488 quae

50 1491 195 1522 13ultima
210 1491 334 1521 orientis
351 1496 604 1528 peragraverant,
631 1493 806 1522 cremabant
831 1492 983 1522 incendio.
1027 1493 1083 1522 Fa-

91 1541 170 1562 mem
192 1532 303 1562 deinde
324 1533 498 1570 pestilentia
523 1538 629 1563 secuta
654 1538 715 1564 cst:
744 1534 859 1571 quippe
886 1534 1083 1564 insalubrium

92 1574 228 1604 ciborum
245 1574 317 1604 novi
333 1575 408 1611 suci,
423 1576 463 1604 ad
477 1575 536 1605 hoc
552 1575 668 1605 itineris
681 1576 768 1605 labor
779 1580 809 1606 et
820 1576 979 1613 aegritudo
991 1576 1083 1606 animi

91 1617 292 1653 vulgaverant
307 1616 447 1651 morbos,
474 1621 505 1646 et
530 1625 586 1646 nec
607 1625 730 1647 manere
752 1617 818 1647 sine
834 1618 922 1648 clade
937 1626 995 1648 nec
1010 1627 1078 1655 pro-

91 1657 177 1695 gredi
194 1663 348 1694 poterant:
371 1662 529 1688 manentes
546 1659 657 1694 sames,
672 1668 858 1696 progressos
874 1659 974 1690 acrior
989 1659 1081 1697 pesti-

53 1700 182 1729 mentia
203 1699 339 1736 urgebat.
386 1701 466 1737 Ergo
490 1700 573 1730 strati
595 1705 680 1730 erant
703 1701 801 1738 campi
823 1709 921 1738 paene
943 1702 1084 1739 pluribus

135 1749 217 1770 cunr.
234 1749 298 1770 nur.
839 1741 878 1772 16
