1215 1895
105 80 148 112 88
444 81 476 117 Ω.
498 81 652 110 CURTII
674 81 780 110 RUFI

103 156 260 193 Meleager
275 156 419 190 ducebat,
437 160 466 185 et
481 155 642 192 sagittariis
655 155 808 192 equitibus
823 156 854 184 M
874 157 1036 194 praecipit,
1051 164 1092 189 ut.

108 202 277 228 castrorum
294 197 399 233 specie
415 202 569 233 manente,
590 198 693 234 plures
710 197 748 226 de
763 197 911 227 industria
925 197 1011 234 ignes
1027 198 1091 228 fieri

107 240 250 276 imperet,
273 247 333 275 quo
350 238 446 275 magis
461 238 581 268 barbari
597 239 736 274 credant,
759 238 859 275 ipsum
880 247 981 275 regem
997 239 1027 268 in
1043 248 1090 269 ca-

108 281 180 310 stris
202 289 282 309 esse.
324 280 478 316 Ceterum,
500 280 526 309 si
548 281 625 309 forte
640 280 864 310 Ariobarzanes
888 280 1092 317 cognovisset,
1101 285 1134 310 15

108 331 162 359 per
175 322 293 351 callium
306 322 460 351 anfractus
475 321 595 357 intrare,
612 326 641 351 et
656 322 694 350 ad
711 322 923 358 occupandum
936 322 992 351 iter
1004 330 1092 351 suum

108 368 224 401 partem
241 363 398 399 copiarum
414 367 560 393 tentasset
575 371 747 399 opponere,
766 362 905 392 Craterus
919 372 997 399 eum,
1012 363 1093 393 illato

109 410 238 440 terrore,
254 404 412 440 retineret,
428 405 467 433 ad
483 404 611 441 propius
628 404 794 440 periculum
811 412 1029 434 conversurum
1041 412 1091 441 ag—

110 455 193 476 men:
211 446 258 476 sin
275 451 374 475 autem
390 445 458 482 ipse
473 446 593 475 hostem
609 445 767 475 refellisset
781 450 811 475 et
823 446 931 475 saltum
944 454 1089 483 occupas-
1100 450 1134 476 16

109 493 170 523 set,
194 496 285 525 quum
303 487 513 524 trepidantium
529 488 725 517 barbarorum
742 488 900 517 tumultum
915 487 1094 517 exaudisset

108 531 160 568 [et]
178 529 426 566 persequentium
440 537 559 565 regem,
574 529 605 558 id
620 529 721 565 ipsum
736 528 805 564 iter,
824 538 884 565 quo
900 529 997 565 pridie
1013 528 1093 565 pulsi

109 573 236 606 fuerant⁷
252 579 290 600 ne
305 570 456 600 dubitaret
471 571 602 607 ingredi:
627 570 740 607 quippe
756 578 886 599 vacuum
903 571 982 606 fore,
998 569 1093 599 hosti-

108 614 166 643 bus
181 613 211 642 in
227 617 324 642 semet
338 612 465 641 aversis.

192 654 259 690 (15)
275 655 344 690 Ipse
360 653 447 683 tertia
463 653 572 690 vigilia,
588 652 687 682 silenti
703 652 822 689 agmine
838 661 873 682 ac
889 661 927 683 ne
942 652 1013 682 tuba
1030 653 1134 689 qui-17

109 697 178 724 dem
194 696 264 725 dato
281 695 379 732 signo,
395 695 492 732 pergit
507 695 545 723 ad
562 695 799 724 demonstratum
815 694 871 724 iter
881 693 1010 723 callium.
1030 694 1092 723 Tri-

109 737 161 766 dui
182 738 323 766 alimenta
344 741 465 773 portare
486 736 610 765 militem
634 736 779 772 iusserat,
806 736 912 765 leviter
936 739 1092 765 armatum.

109 778 170 809 Sed
184 783 304 816 praeter
316 778 414 807 invias
426 786 519 814 rupes
531 786 566 806 ae
580 782 743 814 praerupta
754 786 839 814 saxa,
852 777 1013 814 vestigium
1023 778 1093 806 sub-
1102 781 1135 807 151

108 820 179 850 inde
196 820 343 856 fallentia,
366 820 418 848 nix
439 820 590 848 cumulata
605 823 696 848 vento
713 818 917 855 ingredientes
934 818 1092 855 fatigabat:

109 862 234 899 quippe,
247 863 329 891 velut
340 861 369 890 in
381 862 488 890 foveas
496 861 595 895 delati,
609 860 824 889 hauriebantur
834 865 872 896 et,
887 868 1093 896 quumacom-

107 903 294 933 militonibus
306 904 517 939 allevarentur,
528 902 686 931 trahebant
698 901 793 938 magis
802 902 991 938 adiuvantes,
1004 910 1093 938 quam

109 945 324 982 sequebantur.
360 945 428 974 Nox
444 952 568 981 quoque
585 948 614 972 et
629 944 730 979 ignota
745 943 828 979 regio
845 951 880 972 ac
897 943 974 979 dux,
996 942 1092 972 incer-
1102 946 1135 973 19

107 991 223 1023 tum‚an
241 986 314 1015 satis
331 987 420 1022 fidus,
436 985 675 1022 multiplicabant
690 989 820 1014 metum:
844 984 869 1014 si
892 985 1038 1014 custodes
1051 985 1093 1014 se-

109 1028 251 1063 sellisset‚
276 1028 364 1064 quasi
387 1029 467 1057 seras
483 1026 598 1056 bestias
614 1027 700 1063 ipsos
717 1034 810 1062 posse
827 1026 1031 1063 deprehendi:
1054 1034 1093 1055 ex

108 1069 199 1099 unius
215 1069 326 1106 captivi
342 1070 390 1098 vel
406 1069 466 1098 fide
487 1070 535 1097 vel
559 1068 658 1097 anima
674 1068 809 1104 pendere
825 1071 854 1096 et
868 1067 949 1104 regis
966 1068 1094 1097 salutem

108 1116 138 1141 ct
150 1120 245 1141 suam.
261 1111 393 1140 Tandem
408 1118 519 1139 venere
531 1110 561 1138 in
574 1110 685 1146 iugum.
708 1111 732 1138 A
748 1110 854 1138 dextra
870 1109 926 1138 iter
941 1109 979 1138 ad
995 1108 1136 1146 ipsum2o

107 1153 334 1182 Ariobarzanen
357 1156 436 1182 erat:
459 1152 508 1180 hie
530 1151 673 1180 Pinilbtani
691 1156 720 1180 et
738 1151 861 1180 Coenon
877 1159 945 1180 cum
961 1151 1094 1188 Amynta

107 1198 138 1224 et
158 1194 395 1232 Polyperconte,
418 1193 594 1229 expeditam
615 1193 761 1222 habentes
784 1200 920 1228 manum,
942 1191 1094 1229 relinquit,

109 1235 256 1269 monitos,
280 1235 349 1271 quia
366 1239 395 1264 et
411 1243 506 1271 eques
523 1234 617 1270 pediti
634 1238 697 1263 erat
712 1233 839 1269 mimus,
855 1238 902 1269 ut,
919 1242 1011 1270 quum
1026 1234 1092 1270 pin-

107 1277 288 1314 guissimum
305 1281 387 1305 esset
404 1277 500 1305 solum
518 1280 546 1304 et
563 1275 663 1311 pabuli
681 1275 793 1311 fertile,
815 1274 928 1304 sensim
945 1275 1093 1311 procede-

108 1324 188 1348 rent:
206 1319 300 1348 duees
317 1322 400 1347 erant
415 1317 528 1346 itineris
546 1318 583 1345 de
600 1316 728 1353 captivis
745 1316 815 1345 dati.
839 1317 907 1352 Ipse
924 1325 991 1345 cum
1007 1316 1133 1346 armi-21

108 1360 190 1396 geris
205 1364 235 1389 et
250 1360 312 1395 ala,
330 1368 419 1395 cpiam
444 1366 549 1395 agema
564 1358 771 1394 appellabant,
795 1358 889 1386 ardua
906 1357 1021 1393 semita,
1038 1358 1095 1387 sed

108 1401 230 1438 longius
252 1410 270 1430 a
293 1400 473 1430 stationibus
495 1398 626 1428 hostium
648 1404 777 1433 remota,
804 1399 896 1428 multa
918 1407 985 1428 cum
1001 1407 1093 1428 vexa<

108 1443 191 1473 tione
212 1442 375 1479 processit.
416 1441 536 1470 Medius
559 1445 622 1470 erat
644 1440 726 1475 dies,
748 1445 777 1469 et
799 1440 930 1477 fatigatis
953 1444 1136 1470 necessa-22
1171 1440 1173 1442 ’

108 1484 153 1513 ria
170 1484 273 1521 quies:
297 1483 411 1520 quippe
433 1483 607 1512 tantundem
623 1481 737 1512 itineris
753 1486 927 1518 supererat,
950 1485 1094 1519 quantum

108 1526 225 1555 emensi
242 1530 342 1561 erant,
364 1525 420 1554 sed
435 1524 534 1553 minus
550 1523 725 1560 praecipitis
741 1527 833 1560 atque
849 1523 944 1552 ardui.
989 1524 1136 1560 ltaque23

107 1567 231 1597 resectis
248 1567 315 1596 cibo
338 1574 509 1603 somnoque
530 1565 688 1600 militibus,
711 1565 845 1594 secunda
867 1564 968 1600 vigilia
990 1564 1093 1600 surgit.

105 1609 145 1638 Et
165 1613 266 1638 cetera
288 1608 411 1645 quidem
426 1608 507 1636 haud
522 1615 612 1643 aegre
628 1606 786 1643 praeterit:
810 1610 959 1641 ceterum,
982 1614 1043 1642 qua
1059 1614 1093 1635 se

108 1650 254 1680 montium
269 1649 372 1686 iugum
388 1648 531 1686 paulatim
547 1649 586 1678 ad
600 1647 738 1685 planiora
753 1647 894 1683 demittit,
915 1647 1023 1684 ingens
1038 1655 1093 1676 vo-

106 1700 198 1729 rago,
221 1699 371 1721 concursu
394 1695 500 1720 cavata
516 1690 707 1721 torrentium.
729 1688 784 1718 iter
798 1693 929 1726 ruperat.
972 1689 1021 1718 Ad
1037 1688 1135 1719 hoc24
