1215 1905
173 69 245 99 LlB.
259 69 338 98 vlu.
360 69 440 99 CAP.
454 68 502 105 IX,
518 67 689 99 19—CAP.
700 68 736 105 X,
751 71 776 98 6.
794 76 998 105 [vunai-ata]
1042 66 1106 97 199

113 145 194 175 tiae?
214 145 315 174 Unum
331 149 451 182 agreste
467 148 496 174 et
511 144 665 175 horridum
681 152 779 181 genus
795 148 856 179 est,
881 143 965 180 quod
980 142 1100 180 sapien-

69 192 158 218 32tes
173 191 293 216 vocant.
337 187 430 224 Apud
446 186 503 216 hos
524 194 677 222 occupare
700 185 752 216 sati
774 185 854 214 diem
875 185 1049 222 pulchrum,
1074 190 1104 214 et

113 229 202 259 vivos
219 237 253 258 se
268 228 396 258 cremari
417 228 533 263 iubent,
562 227 673 264 quibus
692 232 743 257 aut
763 227 867 264 segnis
886 231 971 257 aetas
992 230 1045 256 aut
1058 225 1102 255 in—

115 271 276 300 commoda
290 270 434 300 valetudo
450 274 510 299 est:
528 274 719 306 expectatam
735 273 861 299 mortem
877 277 933 305 pro
951 268 1104 298 dedecore

113 312 193 342 vitae
209 312 329 341 habent.
359 312 421 341 Nec
437 311 517 340 ullus
533 311 729 348 corporibus,
748 319 827 348 quae
843 314 987 340 senectus
1002 309 1102 345 solvit,

112 354 212 384 honos
227 353 378 383 redditur:
394 353 545 390 inquinari
562 358 669 390 putant
682 353 791 390 ignem,
808 352 868 382 nisi
884 352 935 389 qui
952 351 1104 389 spirantes

70 395 229 432 33reelpit.
253 395 305 429 llll,
325 394 376 432 qui
392 394 421 424 in
437 394 563 424 urbibus
579 395 710 432 publicis
726 395 860 424 moribus
873 394 1002 431 degunt,
1023 393 1103 423 side-

112 445 179 466 rum
201 441 299 466 motus
323 437 398 465 scite
421 441 563 474 spectare
586 437 726 466 dicuntur
747 441 776 466 et
798 438 897 466 sutura
913 435 1102 473 praedicere.

113 479 175 508 Nec
192 486 375 515 quemquam
388 478 551 508 admovere
564 478 614 507 lcti
627 478 707 508 diem
724 479 859 513 credunt,
877 477 924 507 cui
941 481 1103 514 expectare

70 520 248 550 34interrito
264 519 362 549 liceat.
388 520 469 549 Deos
491 524 612 556 putant,
636 519 782 556 quicquid
804 520 905 549 colere
926 522 1103 556 coeperunt,

70 566 105 592 35
114 562 241 592 arbores
257 561 401 596 maxime,
421 570 498 598 quas
514 561 629 591 violare
646 562 756 598 capital
773 566 828 590 cst.
850 561 975 590 Menses
990 560 1020 589 in
1038 560 1102 597 qui-

114 612 172 633 nos
188 604 286 633 denos
301 602 531 640 descripserunt
544 603 619 637 dies,
636 603 706 632 anni
722 604 811 640 plena
823 603 922 640 spatia
934 606 1103 632 servantur.

71 650 106 676 36
114 646 217 674 Lunae
233 653 326 675 cursu
342 650 446 675 notant
463 649 612 681 tempora,
630 654 705 679 non,
725 650 755 674 ut
769 644 923 682 plerique,
947 652 1040 681 quum
1056 651 1102 673 or-

115 687 184 716 bem
197 686 283 716 sidus
296 686 440 724 implevit,
454 687 508 716 sed
523 695 615 723 quum
629 695 663 716 sc
676 694 804 716 curvare
817 687 919 723 coepit
933 686 963 715 in
980 693 1102 720 cornua,

116 728 274 758 etidcirco
297 729 453 758 breviores
476 728 588 757 habent
609 736 747 763 menses,
772 728 823 765 qui
844 728 976 765 spatium
999 735 1103 757 eorum

72 774 107 801 37
116 770 155 799 ad
176 770 255 799 hunc
279 770 367 799 lunae
389 770 512 799 modum
533 769 673 806 dirigunt.
703 770 796 799 Multa
818 774 847 799 ct
862 769 921 799 alia
936 769 1094 799 traduntur

116 811 227 848 quibus
254 811 363 841 morari
391 811 527 841 ordinem
555 820 653 840 rcrnm
679 812 760 841 haud
783 820 858 840 sanc
881 820 992 848 operae
1020 810 1100 839 vide-

114 853 210 882 batur.

512 916 532 944 C
541 917 566 943 A
575 916 605 944 P.
629 916 664 944 X.

88 983 102 1007 1
199 977 267 1013 (34)
291 977 384 1014 Igitur
397 978 573 1007 Alexandro
590 979 667 1007 fines
689 978 793 1007 Indiae
815 977 955 1015 ingresso
970 976 1104 1014 gentium

116 1028 240 1048 suarum
254 1020 349 1056 reguli
366 1024 570 1055 occurrerunt,
588 1019 734 1056 imperata
750 1020 872 1055 facturi,
889 1020 971 1049 illum
986 1020 1104 1049 tertium

114 1062 187 1091 love
209 1061 342 1097 genitum
365 1061 404 1090 ad
426 1061 512 1098 ipsos
535 1062 716 1098 pervenisse
742 1066 961 1091 memorantes:
987 1061 1105 1090 Patrem

114 1102 256 1132 Liberum
270 1107 362 1139 atque
370 1103 531 1132 Herculem
544 1104 623 1132 lama
636 1103 775 1140 cognitos
788 1112 868 1140 esse,
885 1104 986 1140 ipsum
1002 1111 1105 1133 coram

86 1148 102 1173 2
114 1145 227 1173 adesse
242 1144 397 1181 cernique.
426 1146 493 1174 Rex
509 1144 640 1181 benigne
656 1150 804 1182 exceptos
821 1145 909 1182 sequi
925 1144 1028 1180 iussit,
1053 1145 1105 1174 iis-

116 1186 184 1215 dem
208 1186 346 1216 itinerum
371 1186 500 1216 ducibus
523 1196 646 1216 usurus.
690 1187 829 1217 Ceterum
855 1196 948 1224 quum
973 1186 1103 1223 amplius

114 1236 204 1257 nemo
227 1231 414 1263 occurreret,
437 1229 694 1265 Hephaestionem
717 1232 746 1258 ct
766 1229 940 1258 Perdiccam
963 1237 1031 1258 cum
1054 1237 1104 1257 co-

115 1269 234 1306 piarum
248 1275 334 1306 parte
350 1270 507 1306 praemisit
528 1271 566 1299 ad
589 1271 793 1307 subigendos,
818 1272 869 1307 qui
890 1275 1106 1300 aversarentur

116 1311 289 1348 imperium:
316 1311 467 1349 iussitque
488 1313 526 1341 ad
542 1312 654 1342 flumen
670 1313 777 1341 Indum
792 1313 962 1349 procedere
977 1316 1006 1341 et
1021 1312 1106 1341 navi-

116 1353 165 1389 gia
182 1354 297 1387 facere,
315 1353 383 1390 quis
400 1354 428 1382 in
445 1354 588 1383 ulteriora
602 1354 802 1391 transportari
818 1358 926 1391 posset
941 1353 1104 1383 exercitus.

85 1398 103 1424 3
116 1395 169 1429 Illi,
187 1395 258 1431 quia
270 1396 356 1431 plura
368 1395 493 1424 flumina
506 1396 680 1432 superanda
693 1400 786 1431 erant,
802 1396 845 1425 sic
859 1396 985 1425 iunxere
997 1403 1103 1431 naves,

85 1439 103 1464 4
115 1440 147 1464 ut
161 1436 279 1465 solutae
292 1436 437 1472 plaustris
454 1437 522 1466 vehi
536 1442 664 1473 possent
678 1446 848 1474 rursusque
864 1437 1017 1474 coniungi.
1032 1437 1104 1467 Post

117 1485 151 1506 se
168 1477 289 1506 Cratero
306 1485 374 1507 curn
389 1478 540 1515 phalange
556 1479 641 1508 iusso
658 1478 756 1515 sequi,
774 1478 940 1515 equitatum
954 1487 990 1508 ac
1007 1480 1104 1508 levem

117 1522 299 1548 armaturam
315 1520 419 1548 eduxit
440 1528 571 1557 eosque,
597 1520 648 1556 qui
673 1525 881 1555 occurrerant,
904 1520 965 1550 levi
986 1520 1103 1557 proelio

86 1565 102 1588 5
115 1559 144 1588 in
160 1561 266 1589 urbem
282 1561 450 1596 proximam
466 1562 620 1598 compulit.
641 1562 702 1590 Iam
718 1567 938 1598 supervenerat
953 1562 1104 1591 Craterus.

116 1602 222 1638 ltaque
238 1606 270 1631 ut
286 1602 434 1638 prIncipio
453 1607 597 1632 terrorem
612 1602 761 1633 incuteret
776 1604 857 1640 genti
870 1604 1004 1633 nondum
1020 1612 1104 1633 arma

116 1643 316 1672 Macedonum
333 1648 491 1680 expertae,
509 1644 671 1681 praecipit,
689 1653 727 1673 ne
743 1645 791 1681 cui
807 1650 990 1682 parceretur,
1007 1645 1103 1675 muni-

87 1688 105 1714 6
118 1685 224 1714 mentis
241 1685 333 1720 urbis,
352 1694 442 1722 quam
455 1685 624 1720 obsidebat,
641 1686 784 1716 incensis.
808 1687 947 1717 Ceterum
963 1688 1034 1717 dum
1050 1688 1105 1717 ob-
