1215 1905
144 103 214 132 LlB.
229 102 277 131 lX.
295 101 376 131 CAP.
388 102 438 138 lv,
453 101 625 131 25—CAP.
642 101 678 138 V,
694 104 735 131 13.
750 110 798 138 [rx.
819 111 898 132 n-w.
919 109 958 136 z.}
1007 99 1065 130 227

80 185 147 206 rare
164 182 279 213 posset,
296 176 487 206 dimicantem
509 181 591 206 certe
614 181 643 206 et
663 185 722 206 non
744 177 870 206 inultum
892 183 962 205 esse
978 175 1066 204 mori-

79 224 194 248 turum:
222 219 335 255 quippe
357 223 518 255 antequam
544 223 734 254 assurgeret,
761 217 891 255 oppriini
906 220 1024 254 poterat
1039 221 1068 246 el

51 264 68 290 3
81 260 150 297 capi
165 259 264 289 vivus.
308 260 370 289 Sed
387 260 463 289 sorte
478 260 519 289 ita
540 260 702 288 libraverat
722 268 850 297 corpus,
872 263 904 288 ut
926 267 960 288 se
982 258 1066 296 pedi-

78 302 136 331 bus
153 301 316 338 exciperet.
360 302 466 338 ltaque
482 306 565 331 stans
581 301 635 330 init
648 309 796 337 pugnam:
813 306 842 331 et
862 309 898 330 ne
918 300 1067 329 circumiri

49 348 64 373 4
77 348 199 380 posset,
221 344 341 372 fortuna
361 343 544 380 providerat.
584 343 715 372 Vetusta
739 344 830 372 arbor
855 342 937 372 haud
961 342 1067 378 procul

79 393 164 414 muro
181 393 283 415 ramos
298 385 391 414 multa
406 385 514 414 fronde
530 384 671 420 vestitos,
690 385 774 414 velut
796 385 834 414 de
856 383 1004 413 industria
1021 392 1067 412 re-

78 434 146 463 gem
163 431 366 463 protegentes,
383 427 550 455 obiecerat:
572 426 662 455 huius
679 426 817 463 spatioso
835 425 928 462 stipiti
944 433 1066 462 corpus,

79 476 117 497 ne
133 467 283 497 circumiri
300 472 421 505 posset,
448 467 609 504 applicuit,
637 469 747 505 clypeo
764 469 839 503 tela,
866 475 944 504 quae
960 475 998 496 ex
1014 467 1064 496 ad·

50 514 65 538 5
78 517 169 538 verso
186 509 415 546 ingerebantur,
439 509 606 546 excipiens.
649 510 721 537 Nam
745 517 837 545 quum
853 518 944 538 unum
960 509 1066 546 procul

78 555 121 580 tot
145 558 253 580 manus
281 555 431 587 peterent,
459 559 546 580 nemo
568 555 666 580 tamen
689 551 821 580 audebat
837 551 963 587 propius
980 558 1066 580 acce-

48 592 163 622 6dcre=
191 592 316 622 missilia
332 592 423 621 ramis
445 594 531 629 plura
554 600 643 629 quam
659 593 768 630 clypeo
785 592 966 622 incidebant.
1010 592 1066 620 Pu-

79 634 190 670 gnabat
206 642 260 670 pro
284 642 355 670 rege
371 634 499 671 primum
521 634 664 663 celebrati
686 634 816 663 nominis
839 635 933 669 fama,
956 633 1067 663 deinde

78 675 263 712 desperatio,
279 683 421 712 magnum
436 676 475 704 ad
490 676 618 705 honeste
629 676 819 705 moriendum
831 675 1066 705 incitamentum.

49 721 62 746 7
78 716 139 746 Sed
156 725 249 753 quum
265 717 395 747 subinde
411 717 507 747 hostis
524 717 678 752 afflueret,
704 717 763 747 iam
779 718 931 754 ingentem
948 717 1007 746 vim
1024 721 1066 746 te—

77 759 173 787 lorum
197 764 361 795 exceperat
382 760 508 796 clypeo,
536 760 594 788 iam
610 760 728 795 galeam
750 768 825 789 saxa
847 760 1065 796 perfregerant,

48 800 135 829 siam
156 800 299 829 continuo
327 801 430 830 labore
460 801 564 837 gravia
589 809 689 837 genua
714 801 916 830 succiderant.
960 802 1066 837 Itaque

77 841 270 877 contemptim
293 846 323 871 et
344 842 479 877 incaute,
511 842 561 878 qui
588 842 719 878 proximi
746 847 905 878 steterant,
932 842 1066 872 incurre-

74 887 157 912 runt:
185 891 202 911 e
230 883 341 919 quibus
366 884 445 912 duos
472 883 573 920 gladio
599 883 640 913 ita
665 884 795 920 excepit,
822 889 854 913 ut
874 889 944 914 ante
964 884 1066 921 ipsum

76 923 232 953 exanimes
261 925 502 961 procumberent.
546 926 608 954 Nec
632 926 773 962 cuiquam
800 926 911 955 deinde
938 926 1066 963 propius

76 966 250 995 incessendi
276 974 344 995 eum
371 966 488 996 animus
515 967 583 996 suit:
614 968 720 1003 l›rocul
746 967 845 996 iacula
878 968 1066 1005 sagittasque

76 1007 239 1037 mittebant.
596 1013 598 1015 ’

47 1053 62 1079 9
158 1048 226 1087 (20)
260 1050 311 1078 Ille
334 1050 373 1078 ad
396 1058 502 1079 omnes
525 1050 602 1079 ictus
618 1050 778 1087 expositus
794 1059 885 1087 aegre
901 1051 960 1080 iam
976 1058 1065 1080 exce-

75 1095 158 1128 ptum
174 1090 341 1127 poplitibus
364 1099 476 1128 corpus
507 1092 659 1120 tuebatur:
690 1092 789 1121 donec
816 1093 909 1122 ludus
936 1093 1065 1122 duorum

75 1132 245 1162 cubitorum
261 1133 400 1169 sagittam
412 1135 557 1170 (namque
572 1133 663 1169 Indis,
675 1138 708 1162 ut
718 1138 805 1163 antea
819 1134 960 1170 diximus,
974 1134 1064 1164 huius

75 1173 290 1210 magnitudinis
308 1174 435 1210 sagittae
452 1179 549 1210 erant)
569 1175 610 1204 ita
625 1176 776 1210 excussit,
794 1180 826 1205 ut
841 1185 896 1213 per
911 1176 1064 1206 thoracem

37 1220 66 1245 lo
72 1216 195 1252 paulum
216 1224 311 1252 super
332 1217 410 1246 latus
433 1217 570 1246 dextrum
587 1216 734 1253 infigeret.
780 1217 844 1253 Quo
869 1219 996 1247 vulnere
1021 1219 1063 1246 af-

75 1256 186 1292 flictus,
209 1265 319 1293 magna
333 1257 363 1286 vi
379 1257 536 1294 sanguinis
553 1258 709 1294 emicante,
725 1259 841 1289 remisit
856 1268 948 1295 arma,
975 1259 1063 1289 mori-

75 1299 178 1328 bundo
202 1298 308 1328 similis
329 1300 470 1336 adeoque
492 1301 660 1335 resolutus,
688 1305 717 1329 ut
742 1309 780 1330 ne
806 1301 846 1330 ad
872 1302 1064 1331 evellendum

74 1340 197 1376 quidem
213 1341 303 1369 telum
319 1341 475 1370 sufficeret
491 1342 624 1370 dextera.
669 1342 773 1378 Itaque
789 1343 828 1371 ad
846 1343 1064 1380 expoliandum

34 1386 194 1418 ltcorpus‚
221 1382 272 1419 qui
295 1383 514 1419 vulneraverat,
541 1384 642 1412 alacer
657 1383 768 1420 gaudio
784 1385 923 1414 accurrit.
969 1385 1063 1420 Quem

74 1427 104 1452 ut
119 1423 244 1453 iniicere
261 1424 382 1460 corpori
399 1433 455 1454 suo
473 1433 581 1454 manus
597 1425 707 1461 sensit,
730 1427 838 1462 credo,
860 1426 955 1456 ultimi
971 1427 1064 1456 dede-

74 1465 154 1493 coris
170 1465 345 1502 indignitate
367 1470 536 1496 commotus
558 1466 742 1503 linquentem
758 1468 914 1497 revocavit
930 1468 1062 1497 animum

32 1510 63 1536 12
71 1512 100 1535 et
117 1507 230 1535 nudum
243 1507 340 1536 hostis
359 1509 435 1537 latus
452 1508 590 1537 subiecto
606 1516 751 1537 mucrone
768 1509 877 1539 hausit.
922 1510 1064 1540 Iacebant

75 1547 156 1577 circa
170 1556 273 1585 regem
289 1548 345 1578 tria
360 1557 498 1586 corpora,
521 1551 627 1586 procul
643 1550 835 1586 stupentibus
852 1551 976 1581 ceteris:
1003 1552 1062 1587 ille,

72 1594 112 1624 ut,
128 1594 291 1627 antequam
307 1590 428 1620 ultimus
448 1591 573 1628 spiritus
590 1592 748 1627 deficeret,
770 1592 918 1622 dimicans
934 1593 993 1623 iam
1010 1602 1062 1623 ex-

36 1635 64 1660 13
73 1630 272 1668 tingueretur,
296 1633 407 1670 clypeo
424 1641 457 1662 se
473 1634 604 1662 allevare
621 1638 748 1662 conatus
765 1639 811 1664 est
827 1639 871 1670 et,
897 1640 1061 1673 postquam

72 1673 111 1702 ad
127 1673 341 1703 connitendum
357 1674 428 1703 nihil
445 1680 603 1712 supererat
618 1674 735 1710 virium,
748 1675 872 1705 dextera
884 1676 1062 1714 impenden-

73 1719 117 1743 tes
152 1723 253 1745 ramos
277 1717 456 1753 complexus
482 1717 614 1746 tentabat
639 1724 812 1752 assurgere.
865 1718 926 1748 Sed
952 1728 990 1748 ne
1017 1719 1062 1749 sic

795 1759 856 1789 15*
