1215 1895
84 67 126 98 42
429 66 462 103 Q.
485 67 639 97 CURTII
661 67 769 96 RUFI

85 151 205 174 omnem
220 142 375 179 regionem
397 141 474 171 inter
487 142 719 179 Hellespontum
740 146 770 172 et
783 143 881 181 Halyn
897 151 1016 173 amnem
1031 143 1071 173 si-

84 189 159 215 tam:
183 184 252 213 inde
269 183 414 213 orientem
431 183 638 220 spectantibus
654 183 741 214 terris
758 188 930 214 contentum
946 193 980 215 se
996 185 1071 215 fore.

86 226 119 256 Si
135 227 212 256 forte
228 225 386 261 dubitaret,
403 225 486 262 quod
502 225 669 262 offerretur,
685 226 840 262 accipere:
856 235 1009 263 nunquam
1021 225 1073 256 diu
1098 230 1115 256 2

85 268 195 298 eodem
208 266 338 303 vestigio
355 271 434 296 stare
448 267 597 296 fortunam
621 275 805 304 semperque
817 267 965 304 homines,
978 276 1072 304 quan—

85 314 269 345 tamcunque
282 307 453 337 felicitatem
466 308 606 345 habeant,
618 308 761 338 invidiam
773 313 871 338 tamen
886 309 998 339 sentire
1010 317 1071 337 ma-

85 350 189 380 iorem.
228 349 336 379 Vereri
352 357 394 385 se,
411 358 449 378 ne
465 349 565 379 avium
581 351 672 380 modo
684 373 691 386 ‚
714 359 790 387 quas
807 350 951 381 naturalis
967 350 1073 379 levitas
1098 354 1115 380 3

84 395 188 428 ageret
203 391 243 420 ad
258 390 368 426 sidera,
385 391 467 420 inani
483 399 518 420 ac
534 392 642 428 puerili
654 391 762 421 mentis
778 392 889 422 affectu
905 392 1072 421 efferretur.

83 433 161 462 Nihil
178 432 333 462 difficilius
350 441 429 468 esse,
447 441 536 469 quam
551 433 580 462 in
594 433 644 462 illa
657 438 754 463 aetate
766 438 877 463 tantam
889 441 1000 470 capere
1015 434 1073 463 for-

84 479 197 504 tunam.
242 474 352 503 Multas
369 482 403 503 se
419 475 518 503 adhuc
533 474 677 511 reliquias
694 475 805 505 habere
821 484 877 505 nec
894 483 1016 512 semper
1029 475 1073 503 in—
1099 478 1116 504 4

84 520 129 545 ter
144 515 301 552 angustias
323 524 418 552 posse
441 516 644 552 deprehendi:
671 518 888 546 transeundum
910 524 981 546 esse
1003 517 1072 545 Ale-

86 558 202 586 xandro
210 556 383 594 Euphraten
391 557 554 594 Tigrinque
566 562 595 587 et
602 560 723 587 Araxen
736 562 765 588 et
772 559 950 596 Hydaspen,
964 566 1074 594 magna

86 598 271 628 munimenta
286 598 371 635 regni
387 599 444 628 sui.
481 599 673 629 veniendum
689 599 719 628 in
736 608 877 636 campos,
896 599 947 629 ubi
970 598 1073 636 pauci-

84 645 144 670 tate
176 648 300 669 suorum
327 640 569 669 erubescendum
602 641 649 670 sit.
702 641 850 678 Mediam,
880 640 1072 679 Hyrcaniam,
1099 644 1115 669 5

84 681 192 711 Bactra
214 685 243 710 et
264 682 372 717 Indos,
401 681 512 710 Oceani
534 683 673 718 accolas,
695 683 817 718 quando
839 682 1011 712 aditurum?
1035 690 1074 711 ne

86 722 259 759 Sogdianos
276 727 304 751 et
318 723 506 752 Arachosios
529 723 680 753 nominem
702 728 883 761 ceterasque
906 728 1012 760 gentes
1034 724 1074 752 ad

85 763 254 793 Caucasum
271 768 300 793 et
314 764 437 793 Tanaim
452 764 647 801 pertinentes.
684 765 913 795 Senescendum
930 766 994 795 sore
1009 770 1073 794 tan-

85 811 145 835 tum
161 810 309 834 terrarum
323 806 372 835 vel
389 805 455 835 sine
470 806 586 842 proelio
604 806 736 836 obeunti.
775 806 815 836 Se
830 815 904 836 vero
921 807 959 836 ad
974 806 1075 843 ipsum
1100 810 1116 836 6

85 855 196 876 vocare
212 846 379 877 desineret:
396 856 526 884 namque
542 847 621 877 illius
644 847 735 877 exitio
758 856 792 877 se
813 857 884 878 esse
904 853 1073 878 venturum.

83 889 259 918 Alexander
274 888 337 925 his,
359 888 409 925 qui
425 889 538 919 litteras
554 889 727 924 attulerant,
751 889 926 927 respondit,
945 890 1074 919 Dareum
1100 891 1116 919 7

85 930 143 960 sibi
159 931 257 960 aliena
272 930 446 967 promittere
463 935 505 966 et,
533 931 616 967 quod
632 936 725 961 totum
740 931 888 966 amiserit,
913 932 990 960 velle
1006 938 1074 967 par-

85 972 142 1001 tiri.
179 971 248 1001 Doti
265 971 322 1001 sibi
338 971 403 1001 dari
418 973 559 1010 Lydiam,
574 973 677 1009 Ionas,
693 972 868 1009 Aeolidem,
883 971 1074 1009 Hellesponti

85 1022 178 1049 oram,
194 1013 340 1043 victoriae
356 1022 430 1043 suae
445 1014 589 1051 praemia.
625 1015 722 1051 Leges
745 1019 844 1044 autem
867 1023 885 1043 a
906 1013 1074 1043 victoribus

84 1055 160 1090 dici,
184 1054 282 1092 accipi
297 1063 315 1084 a
331 1055 428 1084 victis.
463 1056 496 1084 ln
517 1060 583 1085 utro
606 1060 685 1085 statu
700 1057 788 1085 ambo
805 1060 924 1091 essent,
941 1055 967 1084 si
988 1055 1074 1084 solus

85 1097 252 1134 ignoraret,
281 1096 502 1134 quamprimum
528 1097 623 1127 Marte
649 1098 836 1127 decerneret.
879 1097 918 1126 Se
941 1104 1074 1133 quoque,
1099 1102 1117 1129 8

87 1147 179 1175 quum
195 1138 336 1168 transiret
351 1147 443 1175 mare,
459 1147 519 1168 non
537 1138 670 1168 Ciliciam
685 1143 736 1168 aut
750 1139 941 1176 Lydiam,·-
957 1137 1073 1174 quippe

85 1179 158 1209 tanti
173 1180 243 1209 belli
260 1180 400 1216 exiguam
416 1180 493 1209 hanc
509 1189 580 1209 esse
595 1181 780 1215 mercedem,
804 1196 843 1200 —
859 1180 914 1209 sed
929 1179 1074 1215 Persep6-

86 1221 144 1256 lim,
161 1225 252 1258 caput
266 1221 351 1257 regni
367 1221 442 1257 eius,
457 1222 565 1250 Bactra
581 1221 691 1250 deinde
706 1227 736 1250 et
749 1221 903 1250 Ecbatana
917 1219 1074 1256 ultimique

86 1262 210 1292 orientis
226 1271 309 1292 oram
324 1263 449 1299 imperio
467 1271 522 1292 suo
539 1262 720 1292 destinasse.
754 1263 943 1299 Quocunque
964 1262 1013 1290 ille
1029 1262 1073 1290 fu-

85 1313 157 1341 gere
172 1304 333 1341 potuisset,
361 1304 462 1341 ipsum
481 1304 569 1341 sequi
585 1313 694 1340 posse:
721 1304 875 1333 desineret
889 1308 1002 1333 terrere
1017 1302 1073 1331 ssu-

88 1346 229 1381 minibus,
248 1354 337 1382 quem
353 1345 445 1375 sciret
459 1346 552 1375 maria
568 1345 725 1375 transisse.

168 1387 234 1423 (22)
254 1388 355 1424 Reges
377 1387 499 1425 quidem
524 1388 599 1416 haec
625 1387 754 1416 invicem
776 1386 970 1423 scripserant.
1014 1384 1073 1414 Sed
1100 1387 1116 1414 9

86 1429 197 1459 Rhodii
212 1429 317 1458 urbem
333 1438 419 1459 suam
435 1433 604 1466 portusque
620 1429 772 1458 dedebant
791 1428 977 1458 Alexandro.
1022 1427 1074 1456 ltte

86 1470 220 1500 Ciliciam
246 1470 363 1500 Socrati
386 1470 564 1506 tradiderat,
589 1470 702 1499 Philota
723 1469 839 1506 regioni
861 1469 941 1498 eirca
962 1470 1074 1505 Tyrum

86 1512 171 1541 iusso
188 1511 374 1548 praesidere.
416 1512 543 1550 Syriam,
561 1520 639 1548 quae
656 1512 745 1540 Coele
760 1511 938 1548 appellatur,
954 1510 1072 1539 Andro-

85 1553 192 1582 macho
217 1553 375 1583 ParmeniO
401 1553 580 1589 tradiderat,
602 1554 697 1588 bello,
725 1553 807 1589 quod
829 1555 1002 1588 supererat,
1028 1550 1072 1579 in-

85 1595 258 1623 terfuturus.
308 1595 388 1629 Rex,
415 1594 641 1632 Hephaestione
666 1594 834 1623 Phoenices
861 1601 944 1623 oram
970 1592 1069 1621 classe
1081 1596 1114 1622 10

86 1635 276 1672 praetervehi
297 1635 396 1671 iusso,
425 1637 463 1665 ad
486 1636 588 1666 urbem
606 1636 715 1665 Gazam
735 1644 802 1664 cum
817 1634 957 1664 omnibus
973 1632 1071 1670 copiis

86 1677 177 1707 venit.
