1215 1905
156 110 227 138 LlB.
240 110 305 138 Vll.
323 109 403 138 CAP.
418 108 630 144 1x‚7—CAP.
647 109 682 145 X,
697 112 722 139 6.
736 119 890 145 [vl1,³e-³⁹.
903 118 941 145 z.]
1017 107 1079 139 169

47 189 78 216 18
86 193 159 214 ram.
182 185 320 215 Moverat
335 192 389 214 eos
406 183 488 221 regis
501 192 560 213 non
578 183 672 213 virtus
689 183 794 220 magis,
813 192 902 220 quam
918 184 1076 214 clementia

87 226 116 256 in
132 226 272 256 devictos
293 225 444 263 Scythas:
470 224 586 262 quippe
608 225 746 262 captivos
767 234 874 255 omnes
896 225 961 255 sine
977 226 1077 263 pretio

87 268 260 303 remiserat,
277 272 309 297 ut
323 267 414 296 fidem
429 267 556 302 faceret,
572 266 630 296 sibi
643 275 711 296 cum
728 267 927 297 ferocissimis
943 267 1076 304 gentium

45 313 78 340 19
87 310 124 339 de
142 309 331 344 fortitudine,
347 317 407 338 non
424 309 462 337 de
478 308 521 337 ira
538 308 633 338 luisse
649 313 811 338 certarnen.
835 309 971 345 Benigne
987 309 1078 346 igitur

87 351 226 388 exceptis
242 350 387 380 Sacarum
404 350 520 387 legatis,
537 349 676 379 comitem
692 349 852 387 Elpinicon
867 351 958 385 dedit,
976 351 1076 380 adhuc

86 393 249 422 admodum
262 392 411 426 iuvenem,
425 391 532 421 aetatis
546 391 622 421 flore
631 391 823 421 conciliatum
836 392 903 428 sibi,
913 390 974 427 qui,
983 402 1075 429 quum

86 434 191 472 specie
207 433 346 471 corporis
362 438 508 470 aequaret
523 433 794 470 Hephaestionem,
818 433 844 462 ei
868 435 972 470 lepore
995 434 1075 464 haud

45 481 159 506 2osane
176 475 253 505 virili
269 484 325 513 par
340 484 399 505 non
416 479 489 504 erat.
526 475 612 511 Ipse,
635 474 756 504 Cratero
775 483 842 504 cum
860 475 973 505 maiore
991 481 1076 512 parte

85 517 239 548 exercitus
260 517 389 547 modicis
412 516 570 546 itineribus
592 516 680 553 sequi
703 516 804 553 iusso,
830 517 868 546 ad
890 517 1074 546 Maracanda

84 560 189 589 urbem
205 559 374 595 contendit,
397 567 435 588 ex
452 567 513 596 qua
535 558 743 595 Spitamenes,
766 563 923 595 comperto
940 558 1006 588 cius
1022 560 1073 588 ad-

42 605 74 631 21
83 606 189 636 ventu,
212 602 321 630 Bactra
337 601 518 638 perfugerat.
564 601 668 637 ltaque
692 600 852 637 quatriduo
874 608 929 629 rex
952 601 1074 637 longum

85 642 200 673 itineris
213 643 344 680 spatium
357 651 499 672 emensus
512 647 694 679 pervenerat
706 642 735 670 in
749 650 818 671 eum
830 643 939 678 locum,
956 641 985 671 in
1003 651 1074 679 quo,

83 684 264 714 Menedemo
281 685 368 719 duce,
384 685 408 713 ΙΙ
422 684 502 712 milia
516 684 650 720 peditum
667 688 696 713 et
709 683 777 713 CCC
790 683 910 720 equites
922 684 1073 713 amiserat.

83 726 197 756 Horum
221 735 294 755 ossa
315 727 428 756 tumulo
452 726 571 763 contegi
588 726 676 755 iussit
691 730 721 754 et
736 725 859 755 inferias
875 734 959 755 more
975 725 1074 762 patrio

42 773 76 797 22
84 768 176 797 dedit.
210 768 271 796 lam
287 768 426 797 Craterus
441 775 507 796 cum
524 768 674 804 phalange
690 767 839 804 subsequi
855 768 957 796 iussus
974 768 1013 796 ad
1028 776 1072 796 re-

83 818 151 846 gem
168 814 359 846 pervenerat.
382 810 487 845 ltaque
503 814 536 838 ut
551 817 672 843 omnes,
691 809 742 845 qui
758 809 947 843 defecerant,
962 809 1073 845 pariter

83 851 153 880 belli
170 851 256 880 clade
272 854 494 887 premerentur,
511 851 616 887 copias
633 850 740 880 dividit
754 850 862 887 urique
878 858 968 887 agros
985 854 1014 879 et
1029 850 1070 879 in-

84 893 179 922 terfici
196 893 328 930 puberes
342 892 439 922 iussit.

483 959 576 988 CAP.
599 959 633 988 X.

56 1024 69 1048 1
166 1018 233 1054 (39)
267 1019 422 1056 Sogdiana
447 1018 530 1055 regio
557 1018 671 1047 maiore
698 1026 737 1046 ex
761 1022 844 1055 parte
866 1018 987 1047 deserta
1009 1023 1070 1047 est:

84 1060 257 1097 octingenta
274 1061 337 1090 fere
353 1060 451 1090 stadia
467 1060 496 1089 in
513 1060 699 1090 latitudinem
714 1064 821 1089 vastae
833 1059 1013 1089 solitudines
1029 1064 1071 1088 te—

54 1107 70 1132 2
83 1106 163 1131 nent.
186 1103 298 1139 Ingens
315 1103 445 1139 spatium
462 1107 562 1131 rectae
578 1101 712 1138 regionis
725 1106 780 1136 est,
797 1109 852 1138 per
868 1109 958 1138 quam
974 1101 1071 1130 amnis

82 1144 306 1181 (Polytimetum
328 1148 441 1174 vocant
460 1144 590 1178 incolae)
608 1144 708 1173 fertur.
751 1144 927 1172 Torrentem
946 1151 1013 1172 eum
1033 1143 1069 1171 ri-

82 1194 140 1222 pae
164 1185 191 1214 In
220 1191 338 1215 tenuem
367 1187 487 1215 alveum
513 1190 640 1222 cogunt,
668 1185 778 1214 deinde
805 1193 936 1214 caverna
961 1184 1072 1221 accipit

53 1231 111 1257 3et
137 1228 194 1257 sub
225 1232 334 1257 terram
367 1228 455 1265 rapit.
510 1227 624 1256 Cursus
652 1227 824 1256 absconditi
856 1226 1000 1255 indicium
1025 1231 1070 1255 cst

81 1277 180 1306 aquae
201 1270 329 1299 meantis
353 1278 464 1305 sonus,
487 1278 579 1306 quum
601 1269 701 1306 ipsum
724 1270 835 1304 solum,
860 1268 915 1298 sub
933 1277 993 1304 quo
1008 1272 1069 1297 tan-

51 1315 128 1340 4tus
147 1312 244 1340 amnis
264 1311 343 1347 fluit,
371 1320 408 1340 ne
420 1311 540 1341 modico
565 1311 688 1348 quidem
710 1311 835 1340 resudet
856 1311 992 1339 humore.
1025 1310 1070 1338 Ex

81 1353 211 1389 capt1vis
238 1353 462 1390 Sogdianorum
489 1353 527 1381 ad
552 1361 654 1390 regem
676 1353 756 1381 XXX
776 1351 975 1386 nobilissimi,
1004 1359 1069 1380 cor-

81 1403 188 1431 porum
203 1395 313 1425 robore
330 1395 450 1430 eximio,
467 1395 605 1431 perducti
622 1399 722 1424 erant:
736 1394 796 1430 qui,
809 1399 839 1424 ut
855 1403 908 1430 per
923 1393 1069 1429 interpre-

82 1440 140 1464 tem
157 1441 381 1473 cognoverunt,
404 1437 489 1466 iussu
510 1436 591 1473 regis
614 1436 700 1473 ipsos
722 1437 760 1464 ad
783 1435 968 1472 supplicium
984 1434 1069 1468 trahi,

81 1485 202 1507 carmen
221 1478 393 1507 laetantium
412 1479 502 1508 modo
520 1486 630 1507 canere
653 1478 856 1514 tripudiisque
873 1481 902 1506 et
917 1475 1070 1505 lasciviori

81 1520 219 1555 corporis
236 1524 318 1549 motu
334 1519 477 1556 gaudium
501 1520 655 1556 quoddam
677 1519 767 1548 animi
784 1523 937 1548 ostentare
959 1525 1069 1554 coepe-

50 1565 157 1590 5runt.
201 1562 376 1591 Admiratus
393 1570 462 1596 rex,
486 1565 567 1590 tanta
589 1560 795 1597 magnitudine
817 1560 907 1589 animi
924 1563 1070 1596 oppetere

79 1607 214 1637 mortem,
232 1603 370 1632 revocari
387 1611 441 1631 eos
458 1602 561 1635 iussit,
579 1610 703 1631 causam
720 1607 778 1631 tam
796 1602 912 1631 effusae
928 1600 1068 1634 laetitiae,

48 1647 65 1673 6
79 1652 170 1680 quum
194 1644 379 1681 supplicium
406 1649 475 1673 ante
498 1645 605 1673 oculos
627 1644 786 1679 haberent,
808 1643 978 1680 requirens.
1016 1641 1070 1677 Illi,

77 1685 104 1714 si
119 1686 157 1714 ab
179 1686 238 1715 alio
262 1686 490 1720 occiderentur,
518 1685 618 1715 tristes
640 1685 802 1715 morituros
825 1685 920 1715 fuisse
941 1692 1068 1720 respon-

77 1727 163 1756 dent:
181 1736 260 1756 nunc
276 1736 293 1756 a
309 1732 392 1757 tanto
408 1735 489 1764 rege,
507 1727 620 1756 victore
642 1727 774 1756 omnium
789 1727 931 1764 gentium,
948 1724 1074 1755 maiori-
