1215 1905
122 92 185 124 242
464 94 496 129 Q.
522 93 676 122 CURTII
699 94 806 123 RUFI

122 168 287 205 semivivis,
305 177 395 206 quam
413 167 623 198 cadaveribus.
661 169 705 197 Ac
721 176 759 197 ne
774 167 872 198 levius
888 168 1010 206 quidem
1021 170 1105 208 aegri

121 210 210 247 sequi
232 214 386 247 poterant:
413 209 528 246 quippe
549 217 656 246 agmen
676 209 786 246 raptim
806 210 966 246 agebatur,
990 216 1105 242 tantum

121 251 249 288 singulis
261 252 300 281 ad
313 259 400 289 spem
413 251 518 281 salutis
531 250 617 287 ipsos
629 251 779 287 proficere
793 251 997 289 credentibus,
1010 261 1104 289 quan-

120 297 183 322 tum
198 292 314 323 itineris
330 292 501 322 festinando
518 292 737 329 praeciperent.
782 293 888 329 Igitur,
911 292 962 330 qui
985 294 1146 325 defece-1⁵
1185 278 1187 311 ’Ῐ
1214 309 1215 315 1

119 338 202 370 rant,
218 338 308 364 notos
324 334 524 371 ignotosque,
539 338 572 363 ut
586 334 802 369 allevarentur,
819 334 958 363 orabant:
975 336 1031 364 sed
1046 344 1103 365 nec

120 375 253 405 iumenta
268 380 368 412 erant,
395 375 506 412 quibus
529 374 630 412 excipi
644 380 788 412 possent,
814 380 843 405 et
857 375 944 405 miles
958 375 1011 405 vix
1022 385 1106 407 arma

120 417 274 453 portabat,
300 417 545 454 imminentisque
572 421 601 446 et
622 416 698 453 ipsis
716 416 809 446 facies
824 416 894 446 mali
911 421 981 447 ante
996 419 1104 448 oculos

120 462 192 487 erat.
234 458 314 495 Ergo
339 458 463 495 saepius
484 458 619 488 revocati
641 467 679 487 ne
705 457 860 495 respicere
885 458 1008 495 quidem
1030 468 1103 490 suos

119 500 318 536 sustinebant,
335 499 545 530 misericordia
560 499 589 529 in
606 499 795 529 formidinem
812 508 909 529 versa.
950 500 994 529 Illi
1009 500 1105 531 relicti
1113 505 1146 532 16

119 541 195 570 deos
228 546 322 571 testes
353 547 383 572 et
414 550 503 571 sacra
533 541 702 571 communia
733 541 877 578 regisque
904 541 1104 578 implorabant

119 591 218 619 opem,
235 592 389 621 quumque
405 584 516 613 frustra
532 584 641 612 surdas
656 591 746 612 aures
763 582 929 620 fatigarent,
945 582 974 612 in
989 584 1104 614 rabiem

119 624 334 661 desperatione
360 633 465 661 versa,
491 632 596 661 parem
621 633 677 654 suo
699 623 813 654 exitum
833 624 1010 661 similesque
1025 625 1103 662 ipsis

117 665 232 695 amicos
249 670 278 696 et
293 667 528 696 contubernales
544 666 755 703 precabantur.

201 706 268 743 (41)
290 709 357 738 Rex
372 709 479 738 dolore
493 707 582 737 simul
598 715 634 736 ac
650 708 766 744 pudore
781 707 906 744 anxius,
924 707 995 745 quia
1010 712 1143 739 causa17

119 752 218 778 tantae
233 749 330 779 cladis
345 749 413 787 ipse
429 754 526 784 esset,
550 750 590 778 ad
610 749 854 785 Phrataphernen
875 749 1103 779 Parthienorum

117 794 259 828 satrapen
275 791 370 826 misit,
393 791 445 827 qui
466 791 583 820 iuberet
604 791 726 820 camelis
743 795 829 820 cocta
845 790 958 820 cibaria
983 791 1102 827 afferre,

116 833 256 869 aliosque
271 833 462 862 finitimarum
475 832 632 869 regionum
648 832 819 868 praefectos
835 832 979 861 certiores
995 839 1101 861 neces-

116 874 213 903 sitatis
229 883 304 903 suae
320 874 398 903 fecit.
442 874 503 903 Nec
519 878 672 903 cessatum
687 877 734 902 est
748 874 785 902 ab
802 873 857 902 his.
902 874 1006 910 Itaque
1023 874 1101 902 fame
1111 877 1142 903 18

116 915 272 945 dumtaxat
287 915 457 945 vindicatus
473 914 625 944 exercitus
641 915 762 944 tandem
783 914 813 943 in
836 915 1002 944 Cedrosiae
1022 914 1099 943 fines

115 956 299 993 perducitur.
345 956 482 986 Omnium
496 965 597 986 rerum
612 957 679 986 sola
694 955 798 985 fertilis
813 955 897 991 regio
914 960 974 992 est,
994 955 1024 984 in
1040 964 1100 992 qua

116 997 224 1027 stativa
250 998 363 1034 habuit,
389 1002 422 1028 ut
445 1002 574 1027 vexatos
601 997 709 1026 milites
737 997 837 1032 quiete
863 996 1003 1026 firmaret.
1027 1010 1032 1013 1
1045 996 1100 1025 Hic
1109 1000 1142 1027 19

114 1039 261 1069 Leonnati
277 1040 390 1069 litteras
406 1039 533 1076 accepit,
548 1038 727 1068 conflixisse
741 1038 842 1074 ipsum
857 1046 925 1067 cum
941 1042 1009 1067 octo
1024 1037 1099 1067 mili—

115 1081 172 1110 bus
198 1081 334 1118 peditum
362 1086 391 1111 et
418 1080 561 1110 trecentis
591 1079 742 1117 equitibus
773 1079 920 1108 Oritarum
948 1087 1098 1116 prospero

115 1127 234 1153 eventu.
278 1124 307 1152 A
322 1122 443 1152 Cratero
460 1130 584 1158 quoque
599 1121 720 1151 nuntius
738 1121 826 1155 venit,
845 1121 959 1150 Ozinen
975 1125 1004 1150 et
1017 1120 1098 1149 Zari-

114 1172 225 1200 aspen,
247 1164 365 1193 nobiles
388 1164 512 1199 Persas,
533 1163 735 1193 defectionem
757 1162 914 1192 molientes
930 1170 1098 1199 oppressos

115 1214 132 1234 a
148 1214 192 1240 se,
209 1205 239 1234 in
256 1205 385 1235 vinculis
398 1213 478 1235 esse.
521 1205 697 1241 Praeposito
718 1203 807 1241 igitur
821 1204 939 1240 regioni
955 1202 1097 1242 Sibyrtio,
1106 1208 1142 1233 20

114 1250 259 1284 (namque
274 1247 400 1283 Menon,
416 1247 589 1283 praefectus
605 1246 686 1282 eius,
702 1253 798 1282 nuper
813 1245 965 1275 interierat
979 1245 1098 1281 morbo)

114 1288 144 1317 in
160 1288 346 1318 Carmaniam
361 1288 429 1325 ipse
444 1287 603 1325 processit.
630 1289 782 1324 Aspastes
798 1291 861 1316 erat
875 1291 1013 1323 satrapes
1026 1294 1098 1323 gen·
1106 1291 1139 1316 21

116 1329 169 1365 tis,
184 1334 364 1367 suspectus,
381 1337 431 1359 res
446 1337 560 1358 novare
575 1328 725 1364 voluisse,
743 1329 813 1357 dum
828 1327 858 1357 in
873 1328 959 1357 India
974 1337 1028 1357 rex
1041 1332 1096 1357 est.

115 1371 209 1407 Quem
221 1376 439 1407 occurrentem,
451 1370 641 1400 dissimulata
652 1370 704 1406 ira,
718 1369 843 1399 comiter
855 1370 1013 1403 allocutus,
1028 1370 1098 1398 dum
1106 1373 1141 1399 22

115 1413 297 1450 exploraret,
313 1421 393 1450 quae
408 1413 508 1442 delata
522 1416 616 1447 crant,
632 1411 661 1440 in
677 1412 785 1441 eodem
801 1411 917 1440 honore
932 1410 1044 1440 habuit.

196 1454 263 1490 (42)
283 1454 379 1490 Quum
392 1454 462 1483 inde
475 1452 630 1490 praefecti,
642 1453 719 1482 sicut
731 1452 906 1489 imperatum
919 1457 991 1487 erat⁷
1003 1460 1097 1488 equo-

114 1504 179 1525 rum
208 1496 471 1533 iumentorumque
500 1495 643 1532 iugalium
669 1494 730 1523 vim
760 1494 912 1531 ingentem
940 1502 980 1523 ex
1008 1493 1098 1529 omni,

116 1545 195 1574 quae
210 1538 268 1567 sub
283 1537 409 1574 imperio
428 1542 500 1573 erat,
517 1537 643 1573 regione
662 1535 826 1570 misissent,
848 1535 958 1572 quibus
974 1535 1098 1564 deerant

114 1578 337 1615 impedimenta,
358 1578 496 1609 restituit.
539 1580 632 1607 Arma
658 1585 781 1614 quoque
805 1577 845 1606 ad
870 1576 1030 1613 pristinum
1053 1580 1139 1606 re-23
1158 1574 1161 1578 ’

114 1620 193 1649 secta
209 1625 279 1650 sunt
299 1621 425 1650 cultum:
443 1620 557 1657 quippe
572 1619 653 1648 haud
669 1619 775 1655 procul
791 1627 809 1648 a
823 1618 948 1647 Perside
963 1618 1096 1652 aberant,

115 1670 175 1691 non
193 1667 300 1698 pacata
315 1662 422 1697 modo,
446 1662 501 1691 sed
517 1661 606 1690 etiam
623 1661 775 1697 opulenta.
819 1659 925 1696 Igitur,
951 1663 983 1689 ut
1004 1662 1141 1695 supra24

115 1703 227 1732 dictum
248 1708 308 1739 est,
332 1704 500 1733 aemulatus
521 1702 615 1732 Patris
637 1701 736 1730 Liberi
759 1709 819 1731 non
840 1700 966 1737 gloriam
988 1701 1097 1733 solum,
