1215 1895
184 58 256 88 LlB.
273 58 321 86 111.
344 57 425 86 CAP.
442 57 490 92 Xi,
506 55 677 86 2o—CAP.
693 55 756 90 xll,
773 60 814 85 11.
838 65 883 90 (ιιι,
902 65 988 86 ἰε’-3ο.
1008 65 1046 90 z.)
1090 54 1132 84 23

531 131 625 160 CAP.
644 131 708 160 XII.

118 181 132 206 ι
220 175 288 212 (30)
318 176 383 203 Rex
415 173 538 210 quidem
571 173 701 201 Dareum
735 171 950 208 persequendo
979 170 1131 208 fatigatus,

139 222 303 254 postquam
317 221 346 246 et
361 223 422 245 nox
437 214 602 251 appetebat
617 218 646 243 et
661 213 873 249 consequendi
890 221 963 250 spes
979 222 1039 242 non
1057 218 1130 248 erat,

114 259 170 289 2in
187 263 288 289 castra
303 258 395 296 paulo
411 260 480 286 ante
495 264 514 284 a
529 255 593 284 suis
610 260 699 292 capta
712 255 859 291 pervenit.
884 254 1006 284 Invitari
1019 254 1130 284 deinde

140 301 264 335 amicos,
282 299 392 336 quibus
407 297 537 326 maxime
553 301 748 331 assueverat,
765 297 855 326 iussit
869 297 998 333 (quippe
1013 305 1131 326 summa

140 343 296 372 dumtaxat
316 340 394 370 eutis
416 340 445 368 in
463 339 574 368 femine
590 338 750 375 perstricta
766 346 826 367 non
843 338 1024 374 prohibebat
1040 338 1130 367 intor-

114 388 209 414 3esse
238 382 409 413 convivi0):
433 390 525 417 quum
541 385 667 417 repente
683 389 700 409 e
716 379 856 416 proximo
873 380 1069 409 tabernaculo
1086 381 1130 409 lu-

138 424 242 461 gubris
258 425 372 454 elamor
386 424 516 452 barbaro
538 423 652 452 ululatu
670 423 854 459 planctuque
870 422 1039 458 permixtus
1056 430 1129 458 epu-

141 468 236 496 lantes
263 465 437 495 conterruit.
482 464 598 493 Cohors
627 472 767 500 quoque.
796 472 875 500 quae
898 464 1069 493 excubabat
1091 464 1131 492 ad

138 508 366 537 tabernaculum
381 507 479 543 regis,
503 506 612 540 verita,
636 513 674 534 ne
690 505 814 534 maioris
831 510 931 534 motus
947 505 1130 541 principium

114 553 231 585 4esset,
246 557 362 579 armare
379 557 413 578 se
430 552 584 584 coeperat.
608 547 707 576 Causa
723 547 813 576 subiti
829 547 953 583 pavoris
967 547 1030 583 l'uit,
1046 548 1128 583 quod

138 595 233 620 mater
249 599 389 627 uxorque
405 589 492 619 Darei
509 598 578 619 cum
593 588 723 625 captivis
740 588 893 618 nobilibus
905 597 1017 625 regem,
1039 597 1128 625 quem

139 632 329 662 intersectum
341 640 412 661 esse
425 631 605 665 credebant,
630 630 743 667 Ingenti
759 630 871 667 gemitu
884 630 1060 667 eiulatuque
1077 630 1129 659 de-

114 674 261 703 5ssebant.
274 674 359 703 Unus
372 681 503 709 namque
517 681 533 701 e
547 673 676 709 captivis
690 672 891 708 spadonibus,
906 672 958 709 qui
971 673 1048 702 sorte
1060 676 1129 701 ante

140 715 276 752 ipsarum
291 716 519 744 tabernaculum
540 719 679 749 steterat,
702 714 878 748 amiculum,
903 714 987 750 quod
1002 715 1129 748 Dareus,

137 756 216 786 sicut
232 757 322 793 paulo
336 761 405 785 ante
417 756 528 786 dictum
542 760 597 787 est,
615 764 652 785 ne
665 757 746 784 cultu
761 756 949 791 proderetur,
966 755 1128 790 abiecerat,

137 798 165 826 in
183 798 322 828 manibus
339 798 421 829 eius.
446 797 497 834 qui
515 802 668 833 repertum
685 797 815 831 serebat,
832 797 957 833 agnovit
971 801 1128 833 ratusque,

136 840 293 869 interfecto
322 841 488 868 detractum
515 848 601 873 esse,
630 839 738 868 salsum
767 838 903 868 nuntium
929 838 1034 868 mortis
1062 838 1128 868 eius

111 882 283 911 sustulerat.
315 882 380 910 Hoc
398 881 556 910 mulierum
572 889 675 910 errore
691 885 858 917 comperto.
874 881 1051 910 Alexander
1068 881 1123 910 sor-

138 928 227 952 tuuae
243 923 331 953 Darei
347 928 377 952 et
392 923 494 959 pietati
511 931 614 952 earum
631 922 828 951 illacrimasse
846 923 948 951 fertur.
971 924 1016 951 Ac
1031 922 1127 958 primo

134 964 327 998 Mithrenem,
351 965 401 1001 qui
425 965 530 994 Sardis
547 964 724 998 tradiderat,
748 964 878 1000 peritum
894 964 1015 1001 linguae
1029 964 1127 993 Persi-

112 1010 205 1042 7cac‚
221 1007 264 1035 ire
280 1008 319 1035 ad
335 1007 543 1036 consolandas
559 1015 611 1035 eas
628 1006 769 1035 iusserat.
805 1006 930 1035 Veritus
946 1006 1072 1039 deinde,
1091 1014 1128 1035 ne

137 1048 273 1084 proditor
289 1048 476 1084 captivarum
492 1048 566 1077 iram
582 1048 781 1084 doloremque
798 1053 974 1083 renovaret,
989 1048 1128 1077 Leonna*

136 1094 196 1117 tum
210 1097 249 1118 ex
261 1089 435 1126 purpuratis
449 1089 513 1118 suis
527 1089 616 1123 misit,
633 1089 749 1118 iussum
763 1088 908 1124 indicare,
926 1090 1003 1118 falso
1015 1090 1127 1118 lamen-

137 1130 191 1159 tari
207 1139 260 1160 eas
276 1130 388 1160 vivum.
412 1131 463 1160 Ille
477 1139 545 1160 cum
558 1131 664 1168 paucis
677 1131 832 1167 armigeris
846 1131 875 1159 in
889 1131 1127 1166 tabernaculum,

135 1171 163 1200 in
182 1180 241 1208 quo
258 1172 398 1208 captivae
411 1177 510 1203 erant,
534 1172 672 1209 pervenit
684 1172 873 1209 missumque
889 1181 923 1202 se
937 1181 954 1201 a
966 1180 1039 1210 rege
1051 1181 1128 1202 nuu-

112 1212 211 1242 Stiare
227 1213 318 1242 iubet.
353 1216 393 1243 At
409 1214 448 1248 hi,
465 1214 516 1250 qui
532 1214 561 1243 iu
578 1214 729 1243 vestibulo
746 1219 840 1249 erant,
856 1219 889 1244 ut
903 1219 1036 1244 armatos
1053 1223 1127 1244 con-

136 1262 281 1290 spexere,
308 1255 377 1290 rati,
406 1260 504 1285 actum
528 1264 598 1285 esse
615 1256 652 1285 de
675 1256 822 1291 dominis,
848 1256 877 1285 in
900 1257 1125 1286 tabernaculum

135 1301 266 1328 currunt,
279 1297 492 1332 vociferantes,
507 1299 619 1327 adesse
632 1306 805 1334 supremam
819 1299 922 1327 horam
940 1298 1125 1335 missosque,

111 1338 186 1374 squi
203 1338 378 1368 occiderent
393 1343 509 1375 captas.
533 1340 648 1376 ltaque,
664 1345 696 1368 ut
710 1348 789 1376 quae
802 1348 858 1370 nec
875 1341 1036 1377 prohibere
1053 1348 1127 1376 pos-

137 1384 204 1408 sent
220 1388 276 1409 nec
291 1381 448 1410 admittere
464 1381 625 1414 auderent,
652 1382 733 1411 nullo
750 1390 901 1418 responso
919 1382 999 1416 dato,
1017 1382 1126 1411 tacitae

94 1421 372 1458 loopperiebantur
394 1422 519 1452 victoriS
536 1422 699 1452 arbitrium.
740 1424 933 1457 Leonnatus,
962 1427 1125 1460 expectato

133 1462 194 1496 diu,
212 1463 263 1500 qui
280 1472 313 1493 se
329 1464 544 1500 introduceret,
561 1468 723 1501 postquam
740 1474 828 1495 nemo
845 1466 1015 1502 procedere
1031 1465 1124 1494 aude-

133 1504 192 1538 bat,
205 1505 318 1535 relictis
331 1505 359 1534 in
373 1506 524 1535 vestibulo
539 1506 728 1541 satellitibus,
742 1506 831 1536 intrat
843 1506 872 1536 in
886 1507 1123 1537 tabernaculum.

131 1544 175 1574 Ea
190 1545 259 1582 ipsa
273 1555 322 1576 res
339 1548 512 1577 turbaverat
528 1548 665 1584 seminas,
682 1549 764 1585 quod
777 1548 924 1586 irrupisse
938 1557 998 1578 non
1010 1549 1123 1578 admis-

89 1591 185 1617 'llsus
201 1587 369 1618 videbatur.
393 1590 499 1626 Itaque
515 1594 608 1619 mater
624 1594 653 1618 et
669 1590 802 1619 coniunx
818 1592 998 1627 provolutae
1014 1591 1054 1620 ad
1070 1600 1123 1627 pc-

133 1629 188 1658 des
204 1637 291 1659 orare
307 1635 484 1667 coeperunt,
501 1636 547 1665 ut,
566 1631 743 1668 priusquam
759 1631 1015 1667 interficerentur,
1032 1632 1122 1662 Darei

131 1677 242 1708 corpus
268 1671 346 1708 ipsis
373 1673 467 1709 patrio
497 1681 579 1702 more
607 1673 738 1709 sepelire
768 1674 970 1710 permitteret:
1000 1676 1122 1704 functas
