<?xml version="1.0" encoding="UTF-8"?>
<!DOCTYPE html PUBLIC "-//W3C//DTD XHTML 1.0 Transitional//EN"
    "http://www.w3.org/TR/xhtml1/DTD/xhtml1-transitional.dtd">
<html xmlns="http://www.w3.org/1999/xhtml" xml:lang="en" lang="en">
 <head>
  <title>
</title>
<meta http-equiv="Content-Type" content="text/html;charset=utf-8" />
  <meta name='ocr-system' content='tesseract 3.04.00' />
  <meta name='ocr-capabilities' content='ocr_page ocr_carea ocr_par ocr_line ocrx_word'/>
</head>
<body>
  <div class='ocr_page' id='page_1' title='image "./degestisalexand00curtuoft_0271.png"; bbox 0 0 1215 1905; ppageno 0'>
   <div class='ocr_carea' id='block_1_1' title="bbox 238 73 1077 111">
    <p class='ocr_par' dir='ltr' id='par_1_1' title="bbox 238 73 1077 111">
     <span class='ocr_line' id='line_1_1' title="bbox 238 73 1077 111; baseline -0.002 -5"><span class='ocrx_word' id='word_1_1' title='bbox 238 77 310 106; x_wconf 88' lang='lat' dir='ltr'>LlB.</span> <span class='ocrx_word' id='word_1_2' title='bbox 323 77 371 106; x_wconf 82' lang='lat' dir='ltr'>lX.</span> <span class='ocrx_word' id='word_1_3' title='bbox 388 76 469 105; x_wconf 86' lang='lat' dir='ltr'>CAP.</span> <span class='ocrx_word' id='word_1_4' title='bbox 481 76 517 107; x_wconf 81' lang='lat' dir='ltr'>X,</span> <span class='ocrx_word' id='word_1_5' title='bbox 535 79 652 105; x_wconf 74' lang='lat'><strong>14—30.</strong></span> <span class='ocrx_word' id='word_1_6' title='bbox 672 85 720 111; x_wconf 78' lang='lat' dir='ltr'>ux,</span> <span class='ocrx_word' id='word_1_7' title='bbox 735 85 820 106; x_wconf 73' lang='lat'><strong>‹0—42.</strong></span> <span class='ocrx_word' id='word_1_8' title='bbox 832 85 869 111; x_wconf 79' lang='lat' dir='ltr'>z.]</span> <span class='ocrx_word' id='word_1_9' title='bbox 1017 73 1077 104; x_wconf 75' lang='lat'>243</span> 
     </span>
    </p>
   </div>
   <div class='ocr_carea' id='block_1_2' title="bbox 41 150 1079 1267">
    <p class='ocr_par' dir='ltr' id='par_1_2' title="bbox 41 150 1079 1267">
     <span class='ocr_line' id='line_1_2' title="bbox 88 150 1079 191; baseline -0.005 -7"><span class='ocrx_word' id='word_1_10' title='bbox 88 161 179 191; x_wconf 69' lang='lat' dir='ltr'>quam</span> <span class='ocrx_word' id='word_1_11' title='bbox 194 161 232 182; x_wconf 87' lang='lat' dir='ltr'>ex</span> <span class='ocrx_word' id='word_1_12' title='bbox 245 151 303 182; x_wconf 88' lang='lat' dir='ltr'>illis</span> <span class='ocrx_word' id='word_1_13' title='bbox 319 151 459 189; x_wconf 84' lang='lat' dir='ltr'>gentibus</span> <span class='ocrx_word' id='word_1_14' title='bbox 472 151 696 188; x_wconf 83' lang='lat' dir='ltr'>deportaverat,</span> <span class='ocrx_word' id='word_1_15' title='bbox 711 151 766 180; x_wconf 89' lang='lat' dir='ltr'>sed</span> <span class='ocrx_word' id='word_1_16' title='bbox 779 150 868 181; x_wconf 86' lang='lat' dir='ltr'>etiam</span> <span class='ocrx_word' id='word_1_17' title='bbox 882 151 1000 186; x_wconf 84' lang='lat' dir='ltr'>samam,</span> <span class='ocrx_word' id='word_1_18' title='bbox 1013 151 1079 179; x_wconf 81' lang='lat' dir='ltr'>sive</span> 
     </span>
     <span class='ocr_line' id='line_1_3' title="bbox 87 192 1078 232; baseline -0.004 -7"><span class='ocrx_word' id='word_1_19' title='bbox 87 195 161 225; x_wconf 92' lang='lat' dir='ltr'>illud</span> <span class='ocrx_word' id='word_1_20' title='bbox 177 194 347 232; x_wconf 86' lang='lat' dir='ltr'>triumphus</span> <span class='ocrx_word' id='word_1_21' title='bbox 363 193 418 223; x_wconf 82' lang='lat' dir='ltr'>fuit</span> <span class='ocrx_word' id='word_1_22' title='bbox 431 193 469 222; x_wconf 90' lang='lat' dir='ltr'>ab</span> <span class='ocrx_word' id='word_1_23' title='bbox 482 201 519 223; x_wconf 86' lang='lat' dir='ltr'>eo</span> <span class='ocrx_word' id='word_1_24' title='bbox 533 193 662 230; x_wconf 87' lang='lat' dir='ltr'>primum</span> <span class='ocrx_word' id='word_1_25' title='bbox 674 193 837 227; x_wconf 84' lang='lat' dir='ltr'>institutus,</span> <span class='ocrx_word' id='word_1_26' title='bbox 851 193 917 222; x_wconf 88' lang='lat' dir='ltr'>sive</span> <span class='ocrx_word' id='word_1_27' title='bbox 927 192 1078 221; x_wconf 81' lang='lat' dir='ltr'>bacchan—</span> 
     </span>
     <span class='ocr_line' id='line_1_4' title="bbox 87 234 1077 272; baseline -0.004 -6"><span class='ocrx_word' id='word_1_28' title='bbox 87 237 160 266; x_wconf 82' lang='lat' dir='ltr'>tium</span> <span class='ocrx_word' id='word_1_29' title='bbox 177 237 271 271; x_wconf 83' lang='lat' dir='ltr'>lusuS,</span> <span class='ocrx_word' id='word_1_30' title='bbox 286 235 389 266; x_wconf 78' lang='lat' dir='ltr'><strong>statuit</strong></span> <span class='ocrx_word' id='word_1_31' title='bbox 400 235 517 270; x_wconf 86' lang='lat' dir='ltr'>imitari,</span> <span class='ocrx_word' id='word_1_32' title='bbox 530 235 631 265; x_wconf 90' lang='lat' dir='ltr'>animo</span> <span class='ocrx_word' id='word_1_33' title='bbox 645 243 739 272; x_wconf 88' lang='lat' dir='ltr'>super</span> <span class='ocrx_word' id='word_1_34' title='bbox 750 235 914 264; x_wconf 85' lang='lat' dir='ltr'>humanum</span> <span class='ocrx_word' id='word_1_35' title='bbox 927 234 1077 271; x_wconf 76' lang='lat' dir='ltr'>fastigium</span> 
     </span>
     <span class='ocr_line' id='line_1_5' title="bbox 44 276 1078 315; baseline -0.005 -6"><span class='ocrx_word' id='word_1_36' title='bbox 44 283 79 309; x_wconf 73' lang='lat'>25</span> <span class='ocrx_word' id='word_1_37' title='bbox 87 279 176 308; x_wconf 87' lang='lat' dir='ltr'>elato.</span> <span class='ocrx_word' id='word_1_38' title='bbox 199 278 304 312; x_wconf 91' lang='lat' dir='ltr'>Vicos,</span> <span class='ocrx_word' id='word_1_39' title='bbox 322 285 377 315; x_wconf 89' lang='lat' dir='ltr'>per</span> <span class='ocrx_word' id='word_1_40' title='bbox 393 285 472 314; x_wconf 91' lang='lat' dir='ltr'>quos</span> <span class='ocrx_word' id='word_1_41' title='bbox 487 276 543 306; x_wconf 88' lang='lat' dir='ltr'>iter</span> <span class='ocrx_word' id='word_1_42' title='bbox 557 282 630 311; x_wconf 82' lang='lat' dir='ltr'>erut,</span> <span class='ocrx_word' id='word_1_43' title='bbox 644 276 772 306; x_wconf 83' lang='lat' dir='ltr'>floribus</span> <span class='ocrx_word' id='word_1_44' title='bbox 786 277 971 313; x_wconf 78' lang='lat' dir='ltr'><strong>coronisque</strong></span> <span class='ocrx_word' id='word_1_45' title='bbox 984 280 1078 305; x_wconf 80' lang='lat' dir='ltr'>sterni</span> 
     </span>
     <span class='ocr_line' id='line_1_6' title="bbox 88 317 1079 355; baseline -0.003 -6"><span class='ocrx_word' id='word_1_46' title='bbox 88 320 180 355; x_wconf 87' lang='lat' dir='ltr'>iubet,</span> <span class='ocrx_word' id='word_1_47' title='bbox 197 319 349 349; x_wconf 88' lang='lat' dir='ltr'>liminibus</span> <span class='ocrx_word' id='word_1_48' title='bbox 364 318 485 349; x_wconf 92' lang='lat' dir='ltr'>aedium</span> <span class='ocrx_word' id='word_1_49' title='bbox 501 323 634 348; x_wconf 81' lang='lat' dir='ltr'>crateras</span> <span class='ocrx_word' id='word_1_50' title='bbox 649 319 721 348; x_wconf 78' lang='lat' dir='ltr'>vino</span> <span class='ocrx_word' id='word_1_51' title='bbox 737 319 871 355; x_wconf 89' lang='lat' dir='ltr'>repletas</span> <span class='ocrx_word' id='word_1_52' title='bbox 887 321 916 347; x_wconf 90' lang='lat' dir='ltr'>et</span> <span class='ocrx_word' id='word_1_53' title='bbox 939 317 999 347; x_wconf 84' lang='lat' dir='ltr'>alia</span> <span class='ocrx_word' id='word_1_54' title='bbox 1014 317 1079 347; x_wconf 75' lang='lat' dir='ltr'>exi-</span> 
     </span>
     <span class='ocr_line' id='line_1_7' title="bbox 88 359 1074 399; baseline -0.002 -8"><span class='ocrx_word' id='word_1_55' title='bbox 88 361 165 391; x_wconf 83' lang='lat' dir='ltr'>miae</span> <span class='ocrx_word' id='word_1_56' title='bbox 192 360 408 399; x_wconf 76' lang='lat' dir='ltr'>magnitudinis</span> <span class='ocrx_word' id='word_1_57' title='bbox 432 369 508 390; x_wconf 89' lang='lat' dir='ltr'>vasa</span> <span class='ocrx_word' id='word_1_58' title='bbox 533 360 671 397; x_wconf 79' lang='lat' dir='ltr'>disponi:</span> <span class='ocrx_word' id='word_1_59' title='bbox 700 360 841 390; x_wconf 89' lang='lat' dir='ltr'>vehicula</span> <span class='ocrx_word' id='word_1_60' title='bbox 866 359 978 389; x_wconf 88' lang='lat' dir='ltr'>deinde</span> <span class='ocrx_word' id='word_1_61' title='bbox 1005 367 1074 389; x_wconf 81' lang='lat' dir='ltr'>oon-</span> 
     </span>
     <span class='ocr_line' id='line_1_8' title="bbox 89 401 1078 440; baseline -0.002 -8"><span class='ocrx_word' id='word_1_62' title='bbox 89 408 197 439; x_wconf 72' lang='lat' dir='ltr'>stram,</span> <span class='ocrx_word' id='word_1_63' title='bbox 223 408 256 432; x_wconf 87' lang='lat' dir='ltr'>ut</span> <span class='ocrx_word' id='word_1_64' title='bbox 271 403 376 440; x_wconf 86' lang='lat' dir='ltr'>plures</span> <span class='ocrx_word' id='word_1_65' title='bbox 392 410 503 440; x_wconf 80' lang='lat' dir='ltr'>capere</span> <span class='ocrx_word' id='word_1_66' title='bbox 518 402 627 432; x_wconf 83' lang='lat' dir='ltr'>milites</span> <span class='ocrx_word' id='word_1_67' title='bbox 643 407 786 439; x_wconf 79' lang='lat' dir='ltr'>possent,</span> <span class='ocrx_word' id='word_1_68' title='bbox 815 401 845 430; x_wconf 92' lang='lat' dir='ltr'>in</span> <span class='ocrx_word' id='word_1_69' title='bbox 866 401 1078 432; x_wconf 85' lang='lat' dir='ltr'>tabernaculo-</span> 
     </span>
     <span class='ocr_line' id='line_1_9' title="bbox 87 442 1078 481; baseline -0.004 -7"><span class='ocrx_word' id='word_1_70' title='bbox 87 453 153 474; x_wconf 87' lang='lat' dir='ltr'>rum</span> <span class='ocrx_word' id='word_1_71' title='bbox 169 445 293 474; x_wconf 91' lang='lat' dir='ltr'>modum</span> <span class='ocrx_word' id='word_1_72' title='bbox 308 444 417 479; x_wconf 83' lang='lat' dir='ltr'>ornari,</span> <span class='ocrx_word' id='word_1_73' title='bbox 433 443 492 473; x_wconf 86' lang='lat' dir='ltr'>alia</span> <span class='ocrx_word' id='word_1_74' title='bbox 508 444 646 473; x_wconf 88' lang='lat' dir='ltr'>candidis</span> <span class='ocrx_word' id='word_1_75' title='bbox 661 444 748 478; x_wconf 81' lang='lat' dir='ltr'>velis,</span> <span class='ocrx_word' id='word_1_76' title='bbox 761 444 821 473; x_wconf 87' lang='lat' dir='ltr'>alia</span> <span class='ocrx_word' id='word_1_77' title='bbox 834 448 920 473; x_wconf 89' lang='lat' dir='ltr'>veste</span> <span class='ocrx_word' id='word_1_78' title='bbox 931 442 1078 481; x_wconf 84' lang='lat' dir='ltr'>pretiosa.</span> 
     </span>
     <span class='ocr_line' id='line_1_10' title="bbox 46 484 1078 522; baseline -0.002 -6"><span class='ocrx_word' id='word_1_79' title='bbox 46 490 80 517; x_wconf 81' lang='lat'>26</span> <span class='ocrx_word' id='word_1_80' title='bbox 88 486 177 516; x_wconf 83' lang='lat' dir='ltr'>Primi</span> <span class='ocrx_word' id='word_1_81' title='bbox 193 487 277 516; x_wconf 84' lang='lat' dir='ltr'>ibant</span> <span class='ocrx_word' id='word_1_82' title='bbox 290 486 378 516; x_wconf 83' lang='lat' dir='ltr'>amici</span> <span class='ocrx_word' id='word_1_83' title='bbox 394 490 424 516; x_wconf 88' lang='lat' dir='ltr'>et</span> <span class='ocrx_word' id='word_1_84' title='bbox 439 486 550 515; x_wconf 86' lang='lat' dir='ltr'>cohors</span> <span class='ocrx_word' id='word_1_85' title='bbox 565 486 664 522; x_wconf 80' lang='lat' dir='ltr'>regia,</span> <span class='ocrx_word' id='word_1_86' title='bbox 687 486 778 515; x_wconf 77' lang='lat' dir='ltr'>variis</span> <span class='ocrx_word' id='word_1_87' title='bbox 794 485 933 515; x_wconf 86' lang='lat' dir='ltr'>redimita</span> <span class='ocrx_word' id='word_1_88' title='bbox 949 484 1078 515; x_wconf 81' lang='lat' dir='ltr'>floribus</span> 
     </span>
     <span class='ocr_line' id='line_1_11' title="bbox 89 527 1077 565; baseline -0.001 -8"><span class='ocrx_word' id='word_1_89' title='bbox 89 528 290 565; x_wconf 82' lang='lat' dir='ltr'>coronisque:</span> <span class='ocrx_word' id='word_1_90' title='bbox 316 527 386 557; x_wconf 89' lang='lat' dir='ltr'>alibi</span> <span class='ocrx_word' id='word_1_91' title='bbox 408 528 563 558; x_wconf 85' lang='lat' dir='ltr'>tibicinum</span> <span class='ocrx_word' id='word_1_92' title='bbox 578 532 699 563; x_wconf 88' lang='lat' dir='ltr'>cantus,</span> <span class='ocrx_word' id='word_1_93' title='bbox 725 527 796 557; x_wconf 83' lang='lat' dir='ltr'>alibi</span> <span class='ocrx_word' id='word_1_94' title='bbox 812 528 897 565; x_wconf 85' lang='lat' dir='ltr'>lyrae</span> <span class='ocrx_word' id='word_1_95' title='bbox 913 535 1009 556; x_wconf 93' lang='lat' dir='ltr'>sonus</span> <span class='ocrx_word' id='word_1_96' title='bbox 1025 535 1077 556; x_wconf 89' lang='lat' dir='ltr'>au-</span> 
     </span>
     <span class='ocr_line' id='line_1_12' title="bbox 88 567 1077 607; baseline -0.002 -8"><span class='ocrx_word' id='word_1_97' title='bbox 88 569 242 600; x_wconf 86' lang='lat' dir='ltr'>diebatur:</span> <span class='ocrx_word' id='word_1_98' title='bbox 257 570 328 600; x_wconf 89' lang='lat' dir='ltr'>item</span> <span class='ocrx_word' id='word_1_99' title='bbox 344 570 373 599; x_wconf 91' lang='lat' dir='ltr'>in</span> <span class='ocrx_word' id='word_1_100' title='bbox 389 569 538 599; x_wconf 90' lang='lat' dir='ltr'>vehiculis</span> <span class='ocrx_word' id='word_1_101' title='bbox 560 578 616 607; x_wconf 91' lang='lat' dir='ltr'>pro</span> <span class='ocrx_word' id='word_1_102' title='bbox 638 569 729 607; x_wconf 84' lang='lat' dir='ltr'>copia</span> <span class='ocrx_word' id='word_1_103' title='bbox 750 569 900 605; x_wconf 86' lang='lat' dir='ltr'>cuiusque</span> <span class='ocrx_word' id='word_1_104' title='bbox 921 567 1077 598; x_wconf 84' lang='lat' dir='ltr'>adornatis</span> 
     </span>
     <span class='ocr_line' id='line_1_13' title="bbox 88 610 1078 648; baseline -0.002 -8"><span class='ocrx_word' id='word_1_105' title='bbox 88 612 344 642; x_wconf 83' lang='lat' dir='ltr'>comissabundus</span> <span class='ocrx_word' id='word_1_106' title='bbox 371 611 539 646; x_wconf 87' lang='lat' dir='ltr'>exercitus,</span> <span class='ocrx_word' id='word_1_107' title='bbox 566 611 674 646; x_wconf 86' lang='lat' dir='ltr'>armis,</span> <span class='ocrx_word' id='word_1_108' title='bbox 702 619 782 648; x_wconf 89' lang='lat' dir='ltr'>quae</span> <span class='ocrx_word' id='word_1_109' title='bbox 806 610 937 640; x_wconf 81' lang='lat' dir='ltr'>maxime</span> <span class='ocrx_word' id='word_1_110' title='bbox 964 611 1078 639; x_wconf 83' lang='lat' dir='ltr'>decora</span> 
     </span>
     <span class='ocr_line' id='line_1_14' title="bbox 87 652 1076 691; baseline -0.001 -9"><span class='ocrx_word' id='word_1_111' title='bbox 87 658 182 689; x_wconf 85' lang='lat' dir='ltr'>erant,</span> <span class='ocrx_word' id='word_1_112' title='bbox 198 653 526 691; x_wconf 82' lang='lat' dir='ltr'>circumpendentibus.</span> <span class='ocrx_word' id='word_1_113' title='bbox 560 654 664 690; x_wconf 90' lang='lat' dir='ltr'>Ipsum</span> <span class='ocrx_word' id='word_1_114' title='bbox 680 652 891 689; x_wconf 86' lang='lat' dir='ltr'>convivasque</span> <span class='ocrx_word' id='word_1_115' title='bbox 904 660 1012 682; x_wconf 85' lang='lat' dir='ltr'>currus</span> <span class='ocrx_word' id='word_1_116' title='bbox 1024 660 1076 681; x_wconf 86' lang='lat' dir='ltr'>ve-</span> 
     </span>
     <span class='ocr_line' id='line_1_15' title="bbox 88 693 1076 731; baseline -0.001 -8"><span class='ocrx_word' id='word_1_117' title='bbox 88 695 187 731; x_wconf 81' lang='lat' dir='ltr'>hebat,</span> <span class='ocrx_word' id='word_1_118' title='bbox 204 696 330 725; x_wconf 84' lang='lat' dir='ltr'>crateris</span> <span class='ocrx_word' id='word_1_119' title='bbox 345 695 446 725; x_wconf 83' lang='lat' dir='ltr'>aureis</span> <span class='ocrx_word' id='word_1_120' title='bbox 463 695 664 731; x_wconf 90' lang='lat' dir='ltr'>eiusdemque</span> <span class='ocrx_word' id='word_1_121' title='bbox 679 694 823 724; x_wconf 87' lang='lat' dir='ltr'>materiae</span> <span class='ocrx_word' id='word_1_122' title='bbox 834 693 1008 731; x_wconf 82' lang='lat' dir='ltr'>ingentibus</span> <span class='ocrx_word' id='word_1_123' title='bbox 1021 701 1076 730; x_wconf 90' lang='lat' dir='ltr'>po-</span> 
     </span>
     <span class='ocr_line' id='line_1_16' title="bbox 44 735 1076 774; baseline -0.001 -8"><span class='ocrx_word' id='word_1_124' title='bbox 44 741 76 768; x_wconf 82' lang='lat'>27</span> <span class='ocrx_word' id='word_1_125' title='bbox 86 737 162 766; x_wconf 88' lang='lat' dir='ltr'>culis</span> <span class='ocrx_word' id='word_1_126' title='bbox 178 737 366 774; x_wconf 82' lang='lat' dir='ltr'>praegravis.</span> <span class='ocrx_word' id='word_1_127' title='bbox 409 738 475 766; x_wconf 90' lang='lat' dir='ltr'>Hoc</span> <span class='ocrx_word' id='word_1_128' title='bbox 490 737 581 766; x_wconf 90' lang='lat' dir='ltr'>modo</span> <span class='ocrx_word' id='word_1_129' title='bbox 598 744 653 773; x_wconf 87' lang='lat' dir='ltr'>per</span> <span class='ocrx_word' id='word_1_130' title='bbox 667 737 734 766; x_wconf 90' lang='lat' dir='ltr'>dies</span> <span class='ocrx_word' id='word_1_131' title='bbox 750 741 868 773; x_wconf 88' lang='lat' dir='ltr'>septem</span> <span class='ocrx_word' id='word_1_132' title='bbox 883 735 1076 766; x_wconf 88' lang='lat' dir='ltr'>bacchabun-</span> 
     </span>
     <span class='ocr_line' id='line_1_17' title="bbox 87 777 1076 816; baseline -0.002 -8"><span class='ocrx_word' id='word_1_133' title='bbox 87 779 158 808; x_wconf 91' lang='lat' dir='ltr'>dum</span> <span class='ocrx_word' id='word_1_134' title='bbox 173 787 282 816; x_wconf 81' lang='lat' dir='ltr'>agmen</span> <span class='ocrx_word' id='word_1_135' title='bbox 298 778 438 813; x_wconf 87' lang='lat' dir='ltr'>ineessit,</span> <span class='ocrx_word' id='word_1_136' title='bbox 460 783 565 815; x_wconf 84' lang='lat' dir='ltr'>parata</span> <span class='ocrx_word' id='word_1_137' title='bbox 581 778 710 815; x_wconf 83' lang='lat' dir='ltr'>praeda,</span> <span class='ocrx_word' id='word_1_138' title='bbox 734 778 760 808; x_wconf 89' lang='lat' dir='ltr'>si</span> <span class='ocrx_word' id='word_1_139' title='bbox 776 778 849 815; x_wconf 89' lang='lat' dir='ltr'>quid</span> <span class='ocrx_word' id='word_1_140' title='bbox 864 777 954 807; x_wconf 91' lang='lat' dir='ltr'>victis</span> <span class='ocrx_word' id='word_1_141' title='bbox 969 778 1076 807; x_wconf 88' lang='lat' dir='ltr'>saltem</span> 
     </span>
     <span class='ocr_line' id='line_1_18' title="bbox 86 818 1076 854; baseline -0.002 -5"><span class='ocrx_word' id='word_1_142' title='bbox 86 821 238 849; x_wconf 89' lang='lat' dir='ltr'>adversus</span> <span class='ocrx_word' id='word_1_143' title='bbox 262 820 467 850; x_wconf 74' lang='lat' dir='ltr'>comissantes</span> <span class='ocrx_word' id='word_1_144' title='bbox 489 819 580 848; x_wconf 86' lang='lat' dir='ltr'>animi</span> <span class='ocrx_word' id='word_1_145' title='bbox 599 820 721 850; x_wconf 79' lang='lat' dir='ltr'>suisset:</span> <span class='ocrx_word' id='word_1_146' title='bbox 748 819 828 849; x_wconf 90' lang='lat' dir='ltr'>mille</span> <span class='ocrx_word' id='word_1_147' title='bbox 854 820 992 854; x_wconf 79' lang='lat' dir='ltr'>hercule,</span> <span class='ocrx_word' id='word_1_148' title='bbox 1021 818 1076 848; x_wconf 84' lang='lat' dir='ltr'>viri</span> 
     </span>
     <span class='ocr_line' id='line_1_19' title="bbox 85 860 1075 898; baseline -0.001 -7"><span class='ocrx_word' id='word_1_149' title='bbox 85 861 177 891; x_wconf 90' lang='lat' dir='ltr'>modo</span> <span class='ocrx_word' id='word_1_150' title='bbox 194 866 224 892; x_wconf 88' lang='lat' dir='ltr'>et</span> <span class='ocrx_word' id='word_1_151' title='bbox 239 860 349 897; x_wconf 89' lang='lat' dir='ltr'>sobrii,</span> <span class='ocrx_word' id='word_1_152' title='bbox 372 865 489 898; x_wconf 83' lang='lat' dir='ltr'>septem</span> <span class='ocrx_word' id='word_1_153' title='bbox 504 861 621 890; x_wconf 90' lang='lat' dir='ltr'>dierum</span> <span class='ocrx_word' id='word_1_154' title='bbox 639 862 764 898; x_wconf 83' lang='lat' dir='ltr'>crapula</span> <span class='ocrx_word' id='word_1_155' title='bbox 779 869 889 898; x_wconf 80' lang='lat' dir='ltr'>graves</span> <span class='ocrx_word' id='word_1_156' title='bbox 906 861 936 890; x_wconf 93' lang='lat' dir='ltr'>in</span> <span class='ocrx_word' id='word_1_157' title='bbox 952 869 1009 890; x_wconf 90' lang='lat' dir='ltr'>suo</span> <span class='ocrx_word' id='word_1_158' title='bbox 1025 860 1075 889; x_wconf 89' lang='lat' dir='ltr'>tri-</span> 
     </span>
     <span class='ocr_line' id='line_1_20' title="bbox 42 902 1073 940; baseline -0.002 -7"><span class='ocrx_word' id='word_1_159' title='bbox 42 903 198 940; x_wconf 70' lang='lat' dir='ltr'>aeumpho</span> <span class='ocrx_word' id='word_1_160' title='bbox 215 911 326 940; x_wconf 85' lang='lat' dir='ltr'>capere</span> <span class='ocrx_word' id='word_1_161' title='bbox 341 907 514 940; x_wconf 88' lang='lat' dir='ltr'>potuerunt.</span> <span class='ocrx_word' id='word_1_162' title='bbox 539 902 601 932; x_wconf 89' lang='lat' dir='ltr'>Sed</span> <span class='ocrx_word' id='word_1_163' title='bbox 618 904 746 938; x_wconf 77' lang='lat' dir='ltr'>fortuna,</span> <span class='ocrx_word' id='word_1_164' title='bbox 761 911 840 940; x_wconf 85' lang='lat' dir='ltr'>quae</span> <span class='ocrx_word' id='word_1_165' title='bbox 856 903 948 932; x_wconf 90' lang='lat' dir='ltr'>rebus</span> <span class='ocrx_word' id='word_1_166' title='bbox 965 903 1073 932; x_wconf 84' lang='lat' dir='ltr'>samam</span> 
     </span>
     <span class='ocr_line' id='line_1_21' title="bbox 84 943 1072 982; baseline 0 -8"><span class='ocrx_word' id='word_1_167' title='bbox 84 944 276 982; x_wconf 86' lang='lat' dir='ltr'>pretiumque</span> <span class='ocrx_word' id='word_1_168' title='bbox 290 944 460 980; x_wconf 85' lang='lat' dir='ltr'>constituit,</span> <span class='ocrx_word' id='word_1_169' title='bbox 474 945 534 974; x_wconf 89' lang='lat' dir='ltr'>hoc</span> <span class='ocrx_word' id='word_1_170' title='bbox 550 953 674 981; x_wconf 90' lang='lat' dir='ltr'>quoque</span> <span class='ocrx_word' id='word_1_171' title='bbox 689 944 812 974; x_wconf 87' lang='lat' dir='ltr'>militiae</span> <span class='ocrx_word' id='word_1_172' title='bbox 827 944 972 981; x_wconf 86' lang='lat' dir='ltr'>probrum</span> <span class='ocrx_word' id='word_1_173' title='bbox 986 943 1072 974; x_wconf 85' lang='lat' dir='ltr'>vertil</span> 
     </span>
     <span class='ocr_line' id='line_1_22' title="bbox 86 985 1075 1023; baseline -0.001 -8"><span class='ocrx_word' id='word_1_174' title='bbox 86 986 115 1015; x_wconf 93' lang='lat' dir='ltr'>in</span> <span class='ocrx_word' id='word_1_175' title='bbox 131 985 267 1023; x_wconf 81' lang='lat' dir='ltr'>gloriam.</span> <span class='ocrx_word' id='word_1_176' title='bbox 303 986 340 1015; x_wconf 91' lang='lat' dir='ltr'>Et</span> <span class='ocrx_word' id='word_1_177' title='bbox 354 994 503 1023; x_wconf 82' lang='lat' dir='ltr'>praesens</span> <span class='ocrx_word' id='word_1_178' title='bbox 520 990 603 1015; x_wconf 74' lang='lat' dir='ltr'>aetas</span> <span class='ocrx_word' id='word_1_179' title='bbox 620 991 649 1016; x_wconf 89' lang='lat' dir='ltr'>et</span> <span class='ocrx_word' id='word_1_180' title='bbox 663 986 828 1023; x_wconf 70' lang='lat' dir='ltr'>posteritas</span> <span class='ocrx_word' id='word_1_181' title='bbox 844 986 954 1015; x_wconf 85' lang='lat' dir='ltr'>deinde</span> <span class='ocrx_word' id='word_1_182' title='bbox 969 985 1075 1015; x_wconf 84' lang='lat' dir='ltr'>mirata</span> 
     </span>
     <span class='ocr_line' id='line_1_23' title="bbox 84 1027 1073 1065; baseline -0.002 -7"><span class='ocrx_word' id='word_1_183' title='bbox 84 1032 148 1064; x_wconf 86' lang='lat' dir='ltr'>est,</span> <span class='ocrx_word' id='word_1_184' title='bbox 169 1036 226 1065; x_wconf 93' lang='lat' dir='ltr'>per</span> <span class='ocrx_word' id='word_1_185' title='bbox 239 1032 346 1064; x_wconf 77' lang='lat' dir='ltr'>gentes</span> <span class='ocrx_word' id='word_1_186' title='bbox 363 1028 498 1058; x_wconf 91' lang='lat' dir='ltr'>nondum</span> <span class='ocrx_word' id='word_1_187' title='bbox 514 1028 588 1057; x_wconf 87' lang='lat' dir='ltr'>satis</span> <span class='ocrx_word' id='word_1_188' title='bbox 602 1027 732 1057; x_wconf 75' lang='lat' dir='ltr'>domitas</span> <span class='ocrx_word' id='word_1_189' title='bbox 748 1027 914 1058; x_wconf 86' lang='lat' dir='ltr'>incessisse</span> <span class='ocrx_word' id='word_1_190' title='bbox 928 1028 1073 1057; x_wconf 90' lang='lat' dir='ltr'>temulen-</span> 
     </span>
     <span class='ocr_line' id='line_1_24' title="bbox 83 1069 1073 1107; baseline 0 -8"><span class='ocrx_word' id='word_1_191' title='bbox 83 1074 133 1099; x_wconf 89' lang='lat' dir='ltr'>tos</span> <span class='ocrx_word' id='word_1_192' title='bbox 143 1092 150 1105; x_wconf 86' lang='lat'>,</span> <span class='ocrx_word' id='word_1_193' title='bbox 164 1069 319 1105; x_wconf 87' lang='lat' dir='ltr'>barbaris,</span> <span class='ocrx_word' id='word_1_194' title='bbox 336 1069 420 1107; x_wconf 89' lang='lat' dir='ltr'>quod</span> <span class='ocrx_word' id='word_1_195' title='bbox 434 1069 588 1100; x_wconf 83' lang='lat' dir='ltr'>temeritas</span> <span class='ocrx_word' id='word_1_196' title='bbox 604 1073 684 1105; x_wconf 80' lang='lat' dir='ltr'>erat,</span> <span class='ocrx_word' id='word_1_197' title='bbox 699 1069 844 1099; x_wconf 87' lang='lat' dir='ltr'>fiduciam</span> <span class='ocrx_word' id='word_1_198' title='bbox 860 1077 932 1099; x_wconf 89' lang='lat' dir='ltr'>esse</span> <span class='ocrx_word' id='word_1_199' title='bbox 947 1069 1073 1099; x_wconf 75' lang='lat' dir='ltr'>creden-</span> 
     </span>
     <span class='ocr_line' id='line_1_25' title="bbox 41 1110 1073 1149; baseline -0.002 -8"><span class='ocrx_word' id='word_1_200' title='bbox 41 1115 75 1142; x_wconf 76' lang='lat'>29</span> <span class='ocrx_word' id='word_1_201' title='bbox 82 1111 174 1141; x_wconf 89' lang='lat' dir='ltr'>tibus.</span> <span class='ocrx_word' id='word_1_202' title='bbox 215 1111 304 1141; x_wconf 85' lang='lat' dir='ltr'>Hune</span> <span class='ocrx_word' id='word_1_203' title='bbox 318 1116 498 1149; x_wconf 85' lang='lat' dir='ltr'>apparatum</span> <span class='ocrx_word' id='word_1_204' title='bbox 513 1110 649 1141; x_wconf 78' lang='lat' dir='ltr'>carnifex</span> <span class='ocrx_word' id='word_1_205' title='bbox 671 1112 870 1148; x_wconf 84' lang='lat' dir='ltr'>sequebatur:</span> <span class='ocrx_word' id='word_1_206' title='bbox 894 1110 1009 1149; x_wconf 87' lang='lat' dir='ltr'>quippe</span> <span class='ocrx_word' id='word_1_207' title='bbox 1025 1119 1073 1140; x_wconf 87' lang='lat' dir='ltr'>sa-</span> 
     </span>
     <span class='ocr_line' id='line_1_26' title="bbox 84 1152 1073 1191; baseline -0.001 -8"><span class='ocrx_word' id='word_1_208' title='bbox 84 1157 189 1190; x_wconf 85' lang='lat' dir='ltr'>trapes</span> <span class='ocrx_word' id='word_1_209' title='bbox 204 1154 372 1191; x_wconf 79' lang='lat' dir='ltr'>Aspastes,</span> <span class='ocrx_word' id='word_1_210' title='bbox 394 1153 433 1182; x_wconf 86' lang='lat' dir='ltr'>de</span> <span class='ocrx_word' id='word_1_211' title='bbox 448 1161 510 1190; x_wconf 89' lang='lat' dir='ltr'>quo</span> <span class='ocrx_word' id='word_1_212' title='bbox 526 1156 596 1182; x_wconf 84' lang='lat' dir='ltr'>ante</span> <span class='ocrx_word' id='word_1_213' title='bbox 611 1153 724 1183; x_wconf 87' lang='lat' dir='ltr'>dictum</span> <span class='ocrx_word' id='word_1_214' title='bbox 742 1158 804 1189; x_wconf 86' lang='lat' dir='ltr'>est,</span> <span class='ocrx_word' id='word_1_215' title='bbox 826 1152 954 1183; x_wconf 85' lang='lat' dir='ltr'>interfici</span> <span class='ocrx_word' id='word_1_216' title='bbox 969 1153 1073 1183; x_wconf 86' lang='lat' dir='ltr'>iussus</span> 
     </span>
     <span class='ocr_line' id='line_1_27' title="bbox 41 1194 1072 1232; baseline -0.001 -7"><span class='ocrx_word' id='word_1_217' title='bbox 41 1198 138 1226; x_wconf 71' lang='lat' dir='ltr'>west.</span> <span class='ocrx_word' id='word_1_218' title='bbox 181 1195 270 1225; x_wconf 85' lang='lat' dir='ltr'>Adeo</span> <span class='ocrx_word' id='word_1_219' title='bbox 285 1203 342 1225; x_wconf 85' lang='lat' dir='ltr'>nec</span> <span class='ocrx_word' id='word_1_220' title='bbox 358 1194 495 1225; x_wconf 86' lang='lat' dir='ltr'>luxuriae</span> <span class='ocrx_word' id='word_1_221' title='bbox 512 1194 676 1232; x_wconf 87' lang='lat' dir='ltr'>quicquam</span> <span class='ocrx_word' id='word_1_222' title='bbox 691 1195 855 1225; x_wconf 83' lang='lat' dir='ltr'>crudelitas</span> <span class='ocrx_word' id='word_1_223' title='bbox 870 1203 927 1225; x_wconf 89' lang='lat' dir='ltr'>nec</span> <span class='ocrx_word' id='word_1_224' title='bbox 942 1194 1072 1225; x_wconf 86' lang='lat' dir='ltr'>crudeli-</span> 
     </span>
     <span class='ocr_line' id='line_1_28' title="bbox 82 1236 395 1267; baseline -0.003 -1"><span class='ocrx_word' id='word_1_225' title='bbox 82 1236 134 1266; x_wconf 80' lang='lat' dir='ltr'>tati</span> <span class='ocrx_word' id='word_1_226' title='bbox 151 1237 272 1267; x_wconf 85' lang='lat' dir='ltr'>luxuria</span> <span class='ocrx_word' id='word_1_227' title='bbox 286 1238 395 1267; x_wconf 86' lang='lat' dir='ltr'>obstat.</span> 
     </span>
    </p>
   </div>
   <div class='ocr_carea' id='block_1_3' title="bbox 453 1325 651 1328">
    <p class='ocr_par' dir='ltr' id='par_1_3' title="bbox 453 1325 651 1328">
     <span class='ocr_line' id='line_1_29' title="bbox 453 1325 651 1328; baseline 0 0"><span class='ocrx_word' id='word_1_228' title='bbox 453 1325 651 1328; x_wconf 95' lang='lat' dir='ltr'> </span> 
     </span>
    </p>
   </div>
   <div class='ocr_carea' id='block_1_4' title="bbox 429 1378 674 1408">
    <p class='ocr_par' dir='ltr' id='par_1_4' title="bbox 429 1378 674 1408">
     <span class='ocr_line' id='line_1_30' title="bbox 429 1378 674 1408; baseline -0.004 0"><span class='ocrx_word' id='word_1_229' title='bbox 429 1378 581 1408; x_wconf 83' lang='lat' dir='ltr'>LIBER</span> <span class='ocrx_word' id='word_1_230' title='bbox 639 1379 674 1408; x_wconf 87' lang='lat' dir='ltr'>X.</span> 
     </span>
    </p>
   </div>
   <div class='ocr_carea' id='block_1_5' title="bbox 490 1441 620 1445">
    <p class='ocr_par' dir='ltr' id='par_1_5' title="bbox 490 1441 620 1445">
     <span class='ocr_line' id='line_1_31' title="bbox 490 1441 620 1445; baseline 0 0"><span class='ocrx_word' id='word_1_231' title='bbox 490 1441 620 1445; x_wconf 95' lang='lat' dir='ltr'> </span> 
     </span>
    </p>
   </div>
   <div class='ocr_carea' id='block_1_6' title="bbox 403 1471 717 1499">
    <p class='ocr_par' dir='ltr' id='par_1_6' title="bbox 403 1471 717 1499">
     <span class='ocr_line' id='line_1_32' title="bbox 403 1471 717 1499; baseline 0.003 -1"><span class='ocrx_word' id='word_1_232' title='bbox 403 1471 717 1499; x_wconf 76' lang='lat' dir='ltr'><strong>ARGUMENTUM.</strong></span> 
     </span>
    </p>
   </div>
   <div class='ocr_carea' id='block_1_7' title="bbox 79 1529 1070 1733">
    <p class='ocr_par' dir='ltr' id='par_1_7' title="bbox 79 1529 1070 1733">
     <span class='ocr_line' id='line_1_33' title="bbox 79 1529 1070 1560; baseline -0.002 -5"><span class='ocrx_word' id='word_1_233' title='bbox 79 1530 98 1555; x_wconf 90' lang='lat'>1.</span> <span class='ocrx_word' id='word_1_234' title='bbox 119 1529 242 1554; x_wconf 67' lang='lat' dir='ltr'>Cleander</span> <span class='ocrx_word' id='word_1_235' title='bbox 258 1530 383 1560; x_wconf 81' lang='lat' dir='ltr'>ceterique</span> <span class='ocrx_word' id='word_1_236' title='bbox 399 1529 520 1560; x_wconf 74' lang='lat' dir='ltr'>praefecti</span> <span class='ocrx_word' id='word_1_237' title='bbox 539 1530 677 1560; x_wconf 76' lang='lat' dir='ltr'>copiarum,</span> <span class='ocrx_word' id='word_1_238' title='bbox 689 1537 753 1560; x_wconf 80' lang='lat' dir='ltr'>quae</span> <span class='ocrx_word' id='word_1_239' title='bbox 768 1530 794 1553; x_wconf 87' lang='lat' dir='ltr'>iu</span> <span class='ocrx_word' id='word_1_240' title='bbox 804 1530 889 1553; x_wconf 76' lang='lat' dir='ltr'>Media</span> <span class='ocrx_word' id='word_1_241' title='bbox 903 1529 1005 1554; x_wconf 81' lang='lat' dir='ltr'>relictae</span> <span class='ocrx_word' id='word_1_242' title='bbox 1016 1529 1070 1553; x_wconf 79' lang='lat' dir='ltr'>sue-</span> 
     </span>
     <span class='ocr_line' id='line_1_34' title="bbox 111 1563 1070 1595; baseline -0.001 -7"><span class='ocrx_word' id='word_1_243' title='bbox 111 1568 174 1591; x_wconf 67' lang='lat' dir='ltr'>runt,</span> <span class='ocrx_word' id='word_1_244' title='bbox 189 1563 312 1588; x_wconf 79' lang='lat' dir='ltr'>scelerum</span> <span class='ocrx_word' id='word_1_245' title='bbox 330 1564 355 1586; x_wconf 87' lang='lat' dir='ltr'>in</span> <span class='ocrx_word' id='word_1_246' title='bbox 370 1564 500 1595; x_wconf 75' lang='lat' dir='ltr'>provincia</span> <span class='ocrx_word' id='word_1_247' title='bbox 514 1564 683 1587; x_wconf 77' lang='lat' dir='ltr'>admissorum</span> <span class='ocrx_word' id='word_1_248' title='bbox 701 1571 796 1595; x_wconf 73' lang='lat' dir='ltr'>poenas</span> <span class='ocrx_word' id='word_1_249' title='bbox 814 1564 882 1588; x_wconf 72' lang='lat' dir='ltr'>dant.</span> <span class='ocrx_word' id='word_1_250' title='bbox 918 1563 1024 1588; x_wconf 78' lang='lat' dir='ltr'>Nearchi</span> <span class='ocrx_word' id='word_1_251' title='bbox 1045 1569 1070 1588; x_wconf 84' lang='lat' dir='ltr'>et</span> 
     </span>
     <span class='ocr_line' id='line_1_35' title="bbox 112 1598 1068 1630; baseline 0 -8"><span class='ocrx_word' id='word_1_252' title='bbox 112 1598 245 1622; x_wconf 84' lang='lat' dir='ltr'>Onesicriti</span> <span class='ocrx_word' id='word_1_253' title='bbox 261 1598 393 1622; x_wconf 77' lang='lat' dir='ltr'>miventus.</span> <span class='ocrx_word' id='word_1_254' title='bbox 431 1598 569 1622; x_wconf 80' lang='lat' dir='ltr'>Alexandri</span> <span class='ocrx_word' id='word_1_255' title='bbox 588 1598 619 1621; x_wconf 84' lang='lat' dir='ltr'>de</span> <span class='ocrx_word' id='word_1_256' title='bbox 634 1598 692 1622; x_wconf 85' lang='lat' dir='ltr'>orbe</span> <span class='ocrx_word' id='word_1_257' title='bbox 701 1602 823 1622; x_wconf 73' lang='lat' dir='ltr'>ten-arum</span> <span class='ocrx_word' id='word_1_258' title='bbox 834 1598 974 1630; x_wconf 78' lang='lat' dir='ltr'>subigendo</span> <span class='ocrx_word' id='word_1_259' title='bbox 984 1599 1068 1622; x_wconf 85' lang='lat' dir='ltr'>consi-</span> 
     </span>
     <span class='ocr_line' id='line_1_36' title="bbox 112 1632 1068 1664; baseline 0 -8"><span class='ocrx_word' id='word_1_260' title='bbox 112 1633 154 1656; x_wconf 81' lang='lat' dir='ltr'>lia.</span> <span class='ocrx_word' id='word_1_261' title='bbox 191 1632 303 1659; x_wconf 71' lang='lat' dir='ltr'>Orsines.</span> <span class='ocrx_word' id='word_1_262' title='bbox 315 1633 389 1656; x_wconf 81' lang='lat' dir='ltr'>Persa</span> <span class='ocrx_word' id='word_1_263' title='bbox 399 1632 581 1660; x_wconf 78' lang='lat' dir='ltr'>nobilissimus,</span> <span class='ocrx_word' id='word_1_264' title='bbox 597 1632 683 1656; x_wconf 81' lang='lat' dir='ltr'>insons</span> <span class='ocrx_word' id='word_1_265' title='bbox 695 1632 821 1664; x_wconf 87' lang='lat' dir='ltr'>supplicio</span> <span class='ocrx_word' id='word_1_266' title='bbox 838 1632 953 1657; x_wconf 79' lang='lat' dir='ltr'>afficitur.</span> <span class='ocrx_word' id='word_1_267' title='bbox 991 1632 1068 1657; x_wconf 83' lang='lat' dir='ltr'>Litte-</span> 
     </span>
     <span class='ocr_line' id='line_1_37' title="bbox 111 1666 1068 1698; baseline -0.001 -7"><span class='ocrx_word' id='word_1_268' title='bbox 111 1675 153 1691; x_wconf 75' lang='lat' dir='ltr'>rae</span> <span class='ocrx_word' id='word_1_269' title='bbox 171 1675 202 1691; x_wconf 85' lang='lat' dir='ltr'>ex</span> <span class='ocrx_word' id='word_1_270' title='bbox 216 1667 286 1691; x_wconf 76' lang='lat' dir='ltr'>ludia</span> <span class='ocrx_word' id='word_1_271' title='bbox 303 1673 326 1690; x_wconf 82' lang='lat' dir='ltr'>et</span> <span class='ocrx_word' id='word_1_272' title='bbox 341 1667 450 1698; x_wconf 78' lang='lat' dir='ltr'>Europa.</span> <span class='ocrx_word' id='word_1_273' title='bbox 487 1667 516 1690; x_wconf 86' lang='lat'>11.</span> <span class='ocrx_word' id='word_1_274' title='bbox 536 1666 602 1690; x_wconf 87' lang='lat' dir='ltr'>Dum</span> <span class='ocrx_word' id='word_1_275' title='bbox 621 1666 766 1691; x_wconf 68' lang='lat' dir='ltr'>Alexander</span> <span class='ocrx_word' id='word_1_276' title='bbox 781 1666 851 1690; x_wconf 69' lang='lat' dir='ltr'>Susis</span> <span class='ocrx_word' id='word_1_277' title='bbox 868 1668 957 1691; x_wconf 74' lang='lat' dir='ltr'>stativa</span> <span class='ocrx_word' id='word_1_278' title='bbox 972 1666 1068 1691; x_wconf 77' lang='lat' dir='ltr'>habens</span> 
     </span>
     <span class='ocr_line' id='line_1_38' title="bbox 113 1700 1066 1733; baseline -0.002 -7"><span class='ocrx_word' id='word_1_279' title='bbox 113 1702 240 1727; x_wconf 79' lang='lat' dir='ltr'>Graeciam</span> <span class='ocrx_word' id='word_1_280' title='bbox 259 1709 349 1728; x_wconf 72' lang='lat' dir='ltr'>motum</span> <span class='ocrx_word' id='word_1_281' title='bbox 366 1709 465 1733; x_wconf 78' lang='lat' dir='ltr'>pacare,</span> <span class='ocrx_word' id='word_1_282' title='bbox 482 1708 513 1724; x_wconf 85' lang='lat' dir='ltr'>ex</span> <span class='ocrx_word' id='word_1_283' title='bbox 525 1700 648 1725; x_wconf 80' lang='lat' dir='ltr'>militibus</span> <span class='ocrx_word' id='word_1_284' title='bbox 662 1709 720 1725; x_wconf 78' lang='lat' dir='ltr'>aere</span> <span class='ocrx_word' id='word_1_285' title='bbox 735 1701 818 1725; x_wconf 83' lang='lat' dir='ltr'>alieno</span> <span class='ocrx_word' id='word_1_286' title='bbox 829 1701 940 1726; x_wconf 78' lang='lat' dir='ltr'>liberatis</span> <span class='ocrx_word' id='word_1_287' title='bbox 955 1702 1066 1725; x_wconf 78' lang='lat' dir='ltr'>seniores</span> 
     </span>
    </p>
   </div>
   <div class='ocr_carea' id='block_1_8' title="bbox 796 1735 862 1766">
    <p class='ocr_par' dir='ltr' id='par_1_8' title="bbox 796 1735 862 1766">
     <span class='ocr_line' id='line_1_39' title="bbox 796 1735 862 1766; baseline -0.015 0"><span class='ocrx_word' id='word_1_288' title='bbox 796 1735 862 1766; x_wconf 72' lang='lat'>16*</span> 
     </span>
    </p>
   </div>
  </div>
 </body>
</html>
