1210 1895
98 127 142 145 xvi
494 120 723 144 PRAEFATIO.

97 190 170 214 codd.
190 189 301 221 plerique
321 192 343 213 et
364 188 450 220 optimi
474 191 544 212 recta
562 188 651 212 deinde
669 189 769 219 regione
787 188 859 212 alium
869 203 911 214 -.
950 190 975 213 ln
994 189 1033 213 his
1053 191 1125 214 alium

96 225 216 248 vitiosum
235 228 282 252 est,
301 223 460 248 verissimum
483 226 574 251 autem,
594 222 660 253 quod
681 222 791 246 Merulae
809 222 886 246 editio
903 222 986 253 habet,
1002 225 1125 256 alannum,
1165 232 1167 234 ·

97 259 173 283 modo
192 258 300 282 addatur
318 257 368 280 ad:
390 264 464 287 quam
487 256 618 281 lectionem
637 256 746 280 editores
765 264 815 281 non
839 257 963 281 debebant
986 258 1123 289 negligere.

96 292 219 319 Alaunus,
241 295 268 315 ut
288 290 446 315 Ptolemaeus
464 291 504 319 111,
523 291 547 315 5.
566 291 648 317 tradit,
670 298 742 315 mons
758 295 810 315 erat
825 290 963 315 Sarmatiae
978 291 1125 324 Europaeae

97 328 161 351 inter
178 325 356 357 Borysthenem
376 328 400 349 et
418 325 521 349 Tanaim
539 325 610 349 situs.
649 324 748 349 Curtius
768 329 851 349 autem
869 326 911 353 VI,
931 326 947 350 2
966 324 1018 357 (6),
1038 325 1079 351 13.
1099 330 1127 350 at

96 361 139 393 qui
156 359 300 392 (Scythae),
322 359 364 385 ait,
383 359 407 382 in
430 359 535 389 Europa
555 363 619 390 sunt,
645 367 661 382 a
682 360 752 383 laevo
775 359 898 384 Thraciae
917 361 997 384 latere
1014 360 1049 383 ad
1062 361 1125 384 Bo-

96 394 278 426 rysthenem
296 397 370 425 atque
388 394 445 417 inde
463 394 498 417 ad
517 393 658 421 Tanaim,
678 394 750 417 alium
770 401 874 425 amnem,
904 398 973 418 recta
992 395 1070 426 playa
1088 398 1126 418 at-

96 431 181 454 tinent.
218 430 289 452 quta
299 428 424 451 Alaunum
443 432 553 451 montem
573 427 679 459 Scythae
697 427 787 452 Alauni
808 428 960 453 habitabant.
977 429 1028 458 qui,
1047 432 1073 452 ut
1087 436 1126 452 re-

97 464 144 488 fert
163 462 309 487 Eustathius
328 462 361 486 ad
380 462 485 493 Dionys.
505 461 605 494 Perieg.
630 469 656 493 p.
679 461 737 487 146.
756 461 864 490 Bernh.,
894 470 908 486 a
932 468 1015 486 monte
1034 470 1125 486 nomen

95 501 239 526 traxerunt,
264 496 356 520 diversi
380 495 417 519 illi
437 496 467 520 ab
484 496 572 520 Alanis
591 497 615 520 iu
636 497 698 520 Asia
720 496 897 520 habitantibus.
933 496 1013 528 Supra
1035 497 1125 520 Istrum

97 531 291 564 septentrionem
320 537 407 554 versus
434 530 562 554 habitasse
589 530 701 554 Alaunos
730 530 786 555 illos
813 531 931 563 Scythas,
960 538 1018 562 ergo
1050 532 1124 554 etiam

97 571 206 590 montem
225 565 333 589 iacuisse
351 564 478 588 Alaunum
498 565 633 596 Dionysius
652 565 748 597 Perieg.
772 573 796 589 v.
815 564 876 590 302.
895 564 956 590 305.
977 566 1056 589 docet.

166 600 220 629 VII,
237 598 252 624 7
274 598 343 631 (31),
362 599 404 623 25.
428 598 484 623 Tibi
502 603 589 631 autem,
609 600 651 630 qui
669 600 800 631 ecitius,
823 607 893 631 quam
906 603 991 630 potest
1008 598 1069 631 [ille,
1089 600 1126 623 in*

96 633 299 666 terpretaberz's]‚
327 634 442 657 denuntio
468 646 510 657 ·—.
558 632 637 657 Codd.
658 634 746 665 optimi
767 633 811 657 tibi
827 637 919 664 autem,
939 634 981 665 qui
997 633 1126 665 (nonnulli

96 669 138 700 qui
156 667 222 699 om.)
240 669 336 700 sepius,
363 675 434 700 quam
451 671 547 698 potest.-
575 668 599 691 iu
619 667 688 699 vulg.
714 668 784 691 editt.
807 668 849 698 qui
864 669 948 698 sepius
966 675 1015 692 om.
1037 668 1063 691 Z.
1082 668 1128 692 tibi

96 707 174 727 autem
193 703 312 734 quietius,
331 710 401 733 quam
416 705 506 732 potest.
544 702 653 733 Zumptii
671 701 733 725 haec
754 702 895 726 coniectura
914 702 1048 726 deterrima
1069 702 1124 726 siue

98 737 173 761 dnbio
192 741 244 760 est:
275 744 332 760 nam
349 737 421 767 quis,
445 743 554 767 quaeso,
574 736 683 766 quietius
702 737 835 767 quicquam
862 740 944 767 potest
969 736 1125 764 denuntiare,

96 779 171 802 quam
198 772 298 802 potest?
342 770 442 801 Neque,
471 770 539 801 quod
566 770 664 802 Ieepius
684 770 722 802 (p.
742 769 817 801 426.)
837 770 956 799 coniecit,
977 772 1019 802 qui
1034 771 1124 798 serius,

95 814 166 837 quam
183 809 273 836 potest,
292 804 353 828 mihi
372 805 500 836 probatur.
536 804 598 828 Nam
616 808 642 828 ut
661 805 808 833 concedam,
827 805 895 835 quod
911 805 997 835 nequit
1012 805 1124 833 concedi,

95 840 191 864 indicas
210 843 312 871 propter
329 846 437 870 sequens
457 839 552 862 indices
567 840 662 862 assumi
678 839 710 862 ad
723 840 766 870 qut*
779 839 860 863 serius
874 846 958 870 posse,
976 843 1004 863 ut
1017 843 1123 867 taceam,

95 882 144 898 non
163 881 234 906 quam
248 877 340 904 potest,
360 873 405 897 sed
423 881 494 904 quam
507 877 612 903 poteras
626 873 665 897 vel
680 881 750 905 quam
768 873 875 897 debebas
892 873 1025 898 dicendum
1036 873 1123 901 fuisse,

96 916 139 933 cur
158 909 258 932 tandem
278 907 434 938 Alexander,
458 915 535 938 quum
557 907 733 932 Aristandrum
752 908 802 931 iam
822 908 886 931 dieat
906 908 985 931 serius
1004 907 1124 936 indicare,

95 943 224 967 denuntiat
242 942 273 970 ei,
295 946 321 966 ut
339 942 387 966 sibi
404 942 451 974 ipsi
465 942 575 965 indicet?
611 942 732 966 Haeccine
752 942 852 966 dicendi
866 942 928 966 ratio
945 949 1055 973 unquam
1066 949 1124 974 pro-

95 978 149 1001 bari
169 977 292 1009 potuerit?
326 975 416 1007 Sepias
436 979 533 1001 autem.
559 976 627 1006 quod
650 977 675 1000 in
694 976 778 1000 multis
798 976 871 1000 codd.
892 980 942 1003 est,
962 976 1064 1000 minime
1087 980 1112 1000 ta

94 1019 151 1035 men
170 1015 277 1035 certum:
305 1018 363 1034 uam
382 1012 407 1034 in
426 1011 491 1034 Flor.
511 1009 614 1034 CEGHI.
634 1011 705 1037 Bern.
733 1012 761 1035 B.
791 1011 909 1042 scriptum
931 1014 969 1034 est
987 1011 1070 1041 sepius
1086 1011 1124 1034 vel

93 1047 179 1076 citius,
201 1045 270 1076 quod
288 1045 348 1076 quid
368 1045 508 1077 significet,
529 1045 620 1071 scient,
643 1047 684 1075 qui
704 1046 778 1070 codd.
799 1045 930 1068 Curtianos
950 1045 1121 1076 cognoverint.

94 1081 206 1104 Indicare
225 1079 357 1104 voluerunt
375 1079 478 1107 librarii,
496 1087 581 1103 vocem
600 1079 625 1103 in
644 1079 738 1107 codice,
764 1086 838 1110 quem
856 1079 1036 1104 describebant.
1057 1079 1120 1102 male

94 1115 210 1146 scriptam
231 1114 328 1144 sibique
347 1121 396 1138 non
414 1121 516 1145 prorsus
535 1113 685 1137 intellectam
703 1113 741 1138 vel
758 1115 843 1143 sepius
864 1113 902 1136 vel
927 1114 998 1137 citius
1020 1113 1067 1136 sibi
1086 1113 1122 1136 vi-

94 1149 147 1172 deri
166 1155 229 1172 esse..
268 1148 333 1176 Quid
351 1148 428 1179 igitur
445 1147 604 1172 verisimilius
615 1165 622 1177 ‚
643 1156 717 1179 quam
735 1148 802 1172 illam
819 1155 906 1172 vocem
926 1147 1004 1171 ruisse
1020 1147 1122 1171 scilizts?

94 1182 167 1212 Quod
184 1183 226 1213 qui
243 1182 400 1209 intellexerit,
421 1182 442 1205 ei
461 1183 569 1213 primum
587 1189 635 1205 non
654 1182 745 1213 poterit
760 1190 815 1206 esse
834 1182 945 1210 dubium,
961 1182 1019 1212 quin
1033 1182 1122 1205 lacuna

94 1217 119 1240 h.
138 1216 155 1240 l.
175 1217 215 1245 sit,
240 1216 330 1240 deiude
348 1216 469 1240 sententia
487 1217 543 1247 ipsa
560 1216 642 1240 statim
662 1217 707 1240 erit
727 1216 892 1247 apertissima.
930 1216 1031 1240 Dixerat
1047 1216 1120 1239 Alex-

94 1251 180 1278 ander,
199 1250 325 1282 Erigyium
345 1254 412 1274 metu
429 1257 475 1274 suo
493 1250 627 1281 interprete
646 1255 759 1274 extorum
778 1257 851 1273 usum
869 1257 934 1278 esse,
965 1250 991 1273 h.
1011 1257 1032 1272 e.
1054 1257 1119 1273 eum.

93 1292 171 1316 quum
189 1284 333 1313 affirmaret,
350 1285 430 1308 tristia
449 1287 506 1308 exta
526 1284 613 1314 fuisse,
633 1284 697 1308 male
715 1292 744 1308 ea
763 1284 949 1315 interpretatum
969 1291 1033 1309 esse.
1059 1284 1119 1307 Tum

93 1327 137 1343 rex
155 1319 187 1342 ad
206 1319 380 1343 Aristandrum
397 1325 541 1347 conversim,
561 1322 596 1347 tu,
617 1319 703 1349 inquit,
723 1319 808 1342 scitius
828 1325 902 1348 quam
914 1318 1030 1350 Erigyius
1047 1318 1120 1341 inter-

92 1353 230 1385 pretaberis
249 1357 313 1381 exta,
332 1353 357 1376 h.
378 1361 399 1377 e.
420 1358 446 1376 tu
466 1353 542 1381 dices,
562 1352 626 1376 laeta
645 1352 686 1376 illa
705 1352 796 1376 fuisse:
816 1352 842 1376 id
856 1353 920 1377 enim
940 1353 1022 1376 dicere
1038 1355 1120 1375 vatem

93 1388 143 1412 vult
163 1392 237 1418 atque
255 1388 290 1411 ita
308 1388 340 1415 ei,
358 1387 418 1418 quid
437 1387 639 1418 respondendnm
658 1387 697 1413 sit.
717 1387 778 1410 satis
798 1390 882 1418 aperte
901 1387 1032 1418 significat.
1069 1386 1117 1408 Iam

92 1422 187 1454 patebit
205 1429 293 1449 causa,
312 1429 356 1445 cut·
374 1422 449 1445 verba
467 1422 508 1445 ille
527 1421 565 1449 (h.
586 1429 607 1445 e.
627 1421 770 1453 Erigyius),
789 1421 994 1451 interpretaberis
1012 1421 1119 1451 interpo-

93 1457 193 1480 suerim.
226 1455 339 1479 Ceterum
355 1463 400 1487 pro
414 1456 455 1479 ille
469 1456 559 1479 licebat
574 1455 648 1479 etiam
666 1456 821 1486 interponere
837 1459 919 1480 metus.
948 1455 1012 1481 vm,
1023 1453 1038 1477 9
1049 1452 1119 1484 (33),

91 1489 133 1514 33.
163 1490 276 1514 Siderum
290 1493 367 1514 motus
385 1491 466 1514 scite
484 1493 598 1520 spectare
617 1490 730 1513 dicuntur
747 1493 771 1513 et
786 1491 874 1520 futura
890 1490 1047 1519 praedicere.
1080 1488 1118 1516 ΙΙΙ,

92 1523 108 1548 3
127 1523 179 1551 ‹6)‚
198 1523 221 1549 6.
238 1525 400 1556 protinusque
411 1524 548 1548 Chaldaeos
564 1525 814 1556 interpretatos,
842 1525 966 1554 impem‘um
984 1524 1120 1548 Persarum

93 1559 127 1582 ad
143 1566 185 1582 eos
202 1559 375 1589 transiturum,
396 1566 496 1590 quorum
514 1566 584 1582 arma
605 1562 670 1582 esset
688 1560 801 1582 imitatus.
839 1558 878 1581 Sic.
897 1565 960 1581 nova
978 1558 1050 1581 etiam
1076 1556 1118 1580 lux

92 1593 223 1623 afl'ulgebit
240 1592 302 1619 loeo,
322 1601 394 1622 quem
413 1593 531 1623 deinceps
551 1596 698 1616 tractaturus
717 1600 780 1616 sum.

160 1627 212 1653 vu,
230 1625 245 1651 7
264 1626 333 1655 (31).
353 1625 394 1651 28.
414 1628 473 1651 Rea:
491 1627 623 1650 iussum—
642 1627 735 1651 remisit
749 1627 911 1650 allsacra.
949 1627 974 1649 ln
994 1625 1066 1648 codd.
1086 1624 1119 1646 ad

92 1662 151 1687 alia.
165 1660 253 1684 deinde
272 1662 296 1684 in
315 1660 440 1692 plerisque
459 1661 551 1684 remisit
560 1669 608 1685 orn.
637 1661 662 1684 Z.
674 1661 775 1691 quidem
793 1661 885 1684 remisit
900 1660 931 1683 ab
948 1659 1062 1683 omnibus
1075 1658 1118 1681 ab·

92 1702 148 1718 esse
165 1694 288 1722 affirmat,
308 1695 352 1718 sed
372 1695 402 1718 de
419 1695 543 1718 nonnullis
562 1699 626 1719 certe
645 1695 671 1719 id
688 1702 736 1718 non
758 1698 795 1718 est
812 1695 939 1718 traditum.
977 1693 1117 1724 Ingeniose‚

92 1733 117 1752 ut
136 1728 207 1756 solet,
228 1729 325 1760 Ieepius
345 1732 382 1760 (p.
402 1728 476 1759 420.)
496 1729 598 1753 coniecit
623 1730 718 1760 fatalia
738 1729 795 1760 (pro
815 1729 851 1752 ad
867 1728 946 1759 alia),
969 1728 1013 1751 sed
1031 1726 1116 1751 dubito
