1215 1905
140 64 200 96 142
485 63 517 98 Q.
541 63 696 92 CURTll
718 63 826 92 RUFI

140 148 175 169 ae
192 144 308 169 testem.
332 139 414 174 Quae
431 138 456 167 si
474 146 545 167 vera
560 142 679 173 essent,
695 137 774 167 idem
789 137 938 167 meruisse
954 147 1023 173 eos,
1041 140 1124 175 quod

140 181 298 210 Philetam:
316 180 342 209 si
358 180 444 215 salsa,
459 179 582 216 exigere
597 179 707 216 ipsum,
724 183 756 208 ut
769 180 917 209 refellant.
956 180 1124 209 Productus
1134 185 1164 211 17

140 223 251 252 deinde
265 220 456 257 Antiphenes
479 221 516 250 de
537 221 625 258 equis
641 229 702 250 non
719 221 835 250 traditis
851 225 879 250 et
894 220 1019 250 adiectis
1035 221 1124 251 etiam

141 263 274 300 superbe
291 263 378 292 minis
395 262 516 292 Iudicat.

222 304 268 339 (3)
289 305 363 333 Tum
378 305 543 341 Amyntas,
570 304 649 333 facta
664 302 785 333 dicendi
802 308 970 340 potestate,
995 304 1031 334 Si
1041 305 1122 339 nihil,
1134 308 1164 335 18

141 346 246 383 inquit,
258 348 377 375 interest
387 348 474 382 reim,
487 349 562 382 peto,
574 349 613 380 ut,
627 346 696 374 dum
709 346 782 381 dico,
795 347 917 375 vinculis
929 346 1045 375 liberer.
1057 346 1123 375 Rex

140 388 218 417 solvi
233 392 393 423 utrumque
410 387 506 416 iubet:
522 387 768 424 desiderantique
784 388 943 424 Amyntae,
958 391 991 416 ut
1002 386 1122 416 habitus

141 437 264 466 quoque
285 429 462 458 redderetur
483 428 637 465 armigeri,
659 429 795 458 lanceam
812 428 876 457 dari
892 428 989 458 iussit.
1029 428 1123 464 Quam
1132 433 1164 459 19

140 475 171 500 ut
187 471 273 500 laeva
289 470 531 506 comprehendit,
551 469 662 500 evitato
679 479 715 499 eo
733 472 815 506 loco,
833 470 862 499 in
879 478 939 507 quo
955 469 1122 499 Alexandri

140 521 252 548 corpus
267 513 356 548 paulo
369 516 438 541 ante
451 511 593 547 iacuerat,
608 513 829 549 Qualiscumque,
843 512 948 548 inquit,
963 514 1059 542 exitus
1073 520 1124 541 nos

139 557 249 589 manet,
263 563 332 589 rex,
345 555 528 589 confitemur,
540 562 716 591 prosperum
732 555 782 583 tibi
795 554 940 583 debituros
949 577 956 589 ,
968 555 1123 583 tristiorem

136 596 278 631 fortunae
301 597 500 632 imputaturos.
542 596 611 624 Sine
634 597 821 631 praeiudicio
844 596 968 625 dicimus
992 599 1163 631 causam,20

139 638 237 666 liberis
259 637 428 673 corporibus
451 639 621 673 animisque.
654 638 791 666 Habitum
804 639 905 672 etiam,
924 639 953 666 in
965 645 1021 674 quo
1032 640 1058 666 te
1069 645 1122 667 co·-

139 680 240 707 milari
252 680 388 713 solemus,
406 679 568 707 reddidisti.
593 679 717 708 Causam
731 687 788 708 non
798 687 957 715 possumus,
970 679 1124 714 fortunam

139 721 239 748 timere
254 721 425 749 desinemus.
448 720 486 748 Et
500 729 620 756 quaeso,
638 723 792 757 permittas
804 721 876 749 mihi
885 721 918 749 id
924 722 1055 757 primum
1067 721 1161 749 tie—21

137 761 270 796 sendere,
286 762 391 797 quoda
402 765 428 790 te
440 763 569 791 ultimum
582 763 719 792 obiectum
733 767 782 792 est.
813 763 886 797 Nos,
902 771 966 797 rex,
982 763 1122 791 sermonis

139 804 281 833 adversus
293 804 470 833 maiestatem
482 807 560 832 tuam
572 804 664 833 habiti
673 805 781 833 nullius
795 805 905 833 conscii
917 812 1016 832 sumus
1031 804 1120 832 nobis.

139 847 280 880 Dicerem,
295 846 469 882 iampridem
482 847 583 875 vicisse
594 851 620 874 te
631 846 785 877 inuidiam,
799 847 1027 882 nisipericulum
1039 848 1120 879 esset,

139 896 174 916 ne
187 889 248 916 alia
268 888 424 923 maliqnius
445 888 523 916 dicta
543 888 680 917 crederes
701 888 810 916 blanda
832 888 962 916 oratione
980 887 1119 922 purqari.

140 929 271 957 Ceterum
285 930 399 958 etiamsi
411 930 508 958 militis
527 931 570 958 tui
587 931 632 958 vel
650 931 680 958 in
698 930 815 965 aymine
835 929 994 963 deficientis
1004 931 1032 957 et
1040 928 1120 963 fati-
1127 931 1161 957 22

136 971 202 1006 yati
222 972 267 999 vel
292 972 323 999 in
349 972 414 999 acie
433 972 627 1007 periclitantis
653 972 697 999 rel
716 972 745 999 in
774 971 963 999 tabernaculo
988 970 1074 1005 aeyri
1094 973 1122 998 et

139 1014 260 1040 vulnera
272 1013 404 1041 curantis
417 1013 518 1049 aliqua
530 1020 587 1041 vox
595 1014 728 1048 asperior
739 1016 812 1041 esset
822 1015 951 1048 accepta,
963 1019 1121 1040 meruera-

139 1062 200 1082 mus
213 1053 340 1088 sortibus
353 1054 458 1088 factis,
478 1057 510 1082 ut
527 1055 627 1083 malles
648 1062 683 1082 ea
708 1055 830 1090 tempori
849 1056 945 1082 nostro
965 1054 1118 1089 imputare,

138 1103 226 1130 quam
244 1097 348 1123 animo.
394 1095 487 1129 Quum
506 1096 579 1132 quid
597 1096 704 1125 accidit
721 1097 842 1130 tristius,
866 1103 963 1123 omnes
980 1096 1026 1123 rei
1037 1096 1160 1123 sunls23

138 1137 308 1172 corporibus
321 1138 434 1172 nostris,
447 1146 523 1173 quae
534 1139 630 1173 utique
641 1145 698 1166 non
709 1138 830 1173 odimus,
845 1136 967 1172 infestas
981 1136 1121 1164 admove—

137 1187 201 1207 mus
215 1187 334 1207 manus:
345 1183 486 1215 parentes
500 1180 599 1208 liberis
612 1181 639 1208 si
648 1183 818 1212 occurrant,
836 1183 864 1207 et
875 1179 988 1214 inqrati
995 1181 1023 1207 el
1035 1178 1123 1206 invisi

137 1223 212 1248 sunt.
248 1220 355 1248 Contra
367 1229 454 1256 quum
468 1221 550 1249 donis
561 1221 753 1249 honoramur.
775 1229 862 1256 quum
870 1221 1014 1256 praemiis
1027 1221 1123 1248 onusti

137 1263 324 1295 revertimur,
344 1264 408 1297 quis
416 1262 502 1297 ferre
516 1271 567 1291 nos
576 1261 692 1298 potest?
707 1264 771 1297 quis
782 1263 863 1290 illam
875 1263 1037 1295 animorum
1050 1262 1120 1289 ala-

137 1304 270 1332 critatem
285 1302 455 1332 continere?
483 1304 671 1332 Militantium
688 1312 742 1332 nec
762 1304 924 1339 indiqnatio
940 1310 993 1331 nec
1009 1303 1119 1331 laetitia
1126 1305 1159 1331 24

137 1345 288 1373 moderata
300 1349 343 1373 est
348 1356 357 1373 .·
370 1346 412 1374 ad
423 1353 520 1374 omnes
531 1345 654 1381 affectus
670 1347 776 1381 impetu
786 1346 930 1381 rapimur.
960 1345 1119 1380 Vitupera-

138 1394 215 1420 mus,
234 1387 404 1422 laudamus,
427 1389 611 1422 miseremur,
630 1388 801 1421 irascimur,
822 1389 966 1422 utcunque
975 1393 1119 1421 praesens

138 1429 224 1456 movit
241 1428 373 1463 affectio:
398 1429 481 1458 modo
495 1429 613 1457 Indiam
633 1429 718 1457 adire
732 1432 760 1457 et
777 1428 919 1457 Ocednum
934 1427 1015 1461 libet,
1035 1427 1119 1455 modo

138 1471 291 1505 roniuqu'm
307 1474 335 1498 el
350 1471 506 1499 liberorum
527 1472 701 1507 patriaeque
722 1471 860 1499 memoria
886 1470 1021 1498 occurrit.
1060 1468 1120 1497 Sed
1126 1472 1158 1497 25

137 1512 191 1539 lias
213 1513 412 1547 cogitationes,
442 1513 496 1541 lias
507 1514 582 1541 inter
602 1521 632 1541 se
653 1513 872 1548 colloquentium
899 1519 979 1540 uoces
1003 1511 1117 1546 sianum

137 1553 204 1581 tuba
217 1554 317 1581 datum
328 1555 408 1589 sinit:
424 1555 454 1582 in
466 1562 531 1583 suos
543 1555 661 1590 quisque
674 1554 791 1582 ordines
802 1554 962 1586 currimus,
974 1555 1015 1586 et,
1031 1552 1117 1587 quic-⁴

137 1595 208 1629 qaid
221 1596 335 1624 irarum
348 1597 377 1624 in
389 1596 577 1625 tabernaculo
588 1599 756 1632 conceptum
771 1597 826 1630 est,
842 1596 871 1623 in
884 1595 1005 1622 hostium
1016 1592 1109 1628 effun-

137 1636 216 1664 ditur
229 1638 337 1672 capita.
373 1637 487 1666 Utinam
499 1638 628 1666 Philotas
643 1645 754 1673 quoque
766 1638 844 1666 intra
855 1636 942 1664 verba
951 1637 1101 1671 peccasset
1108 1633 1120 1662 !

135 1678 264 1707 Proinde
277 1679 318 1707 ad
329 1679 361 1707 ia
368 1685 554 1715 praevertai·,
564 1683 687 1715 propter
697 1679 776 1715 quod
785 1679 830 1707 rei
841 1685 948 1706 sumus.
1125 1679 1157 1704 26
