1215 1895
92 94 135 126 84
432 95 466 132 Q.
489 95 647 126 CURTII
668 96 779 126 RUFI

91 180 148 201 res.
183 171 272 207 Cave,
292 172 423 208 obsecro,
442 173 474 200 in
487 172 690 201 contumeliam
705 174 857 209 acceperis
872 173 1085 209 ianm-ationem
1093 178 1123 204 21

91 221 194 242 meam.
231 213 310 248 Quae
322 214 366 242 ίιιι·
374 215 463 242 moris
474 222 535 242 esse
546 215 674 249 coqnovi,
686 217 719 243 ut
728 222 823 251 spero,
836 215 952 243 abunde
965 219 1082 245 servata

90 258 166 284 sunt.
194 254 275 289 Scio,
292 255 375 291 apud
385 263 433 284 vos
441 256 503 290 silio
514 256 544 284 in
555 258 710 292 conspectu
721 257 825 284 matris
837 255 924 290 nefas
936 265 997 286 esse
1008 265 1083 286 con·
1092 261 1126 286 22

90 297 195 331 sidere,
208 297 267 325 nisi
277 305 364 333 quum
376 298 429 326 illa
435 298 572 333 permisit
580 307 589 325 .·
604 298 828 334 quotiescunque
841 298 884 326 ad
894 300 920 326 te
932 299 999 327 veni
1005 321 1011 333 ,
1025 299 1083 328 do·-

91 346 158 373 nec,
174 342 206 367 ut
216 338 411 375 considerem,
430 347 591 373 annueres,
610 339 710 367 restiti.
733 339 933 368 Procumbens
945 341 1085 369 venerari

91 387 136 408 me
157 388 245 416 saepe
270 381 398 409 voluisti:
420 380 539 408 inhibui.
585 379 778 409 Dulcissimae
799 382 890 409 matri
915 380 1084 417 Olympitffidz‘

91 429 194 450 nomen
206 422 331 450 debitum
344 422 395 450 tibi
405 421 510 450 reddo.

528 487 621 516 CAP.
645 488 694 516 Ill.

169 546 234 582 (10)
250 546 384 583 Mitigato
401 546 501 576 animo
518 547 593 583 eiuS,
608 555 665 576 rex
681 546 797 583 quartis
814 546 923 576 castris
939 547 1081 583 pervenit
1096 552 1109 578 1

91 588 131 618 ad
145 588 254 624 Tigrim
271 588 411 618 fiuvium:
433 587 605 625 Pasitigrim
625 588 745 618 incolae
768 593 887 618 vocant.
933 588 1033 618 Oritur
1048 588 1079 618 in

91 629 243 659 montibus
259 629 406 659 Uxiorum
421 634 450 660 et
468 638 523 666 per
538 630 560 658 L
576 630 675 659 stadia
690 629 882 659 silvestribus
899 630 974 666 ripis
989 638 1079 666 prae-

91 679 165 708 ceps
181 671 258 700 inter
273 679 349 700 saxa
364 671 545 701 devolvitur.
578 671 742 708 Accipiunt
757 670 868 701 deinde
884 680 954 701 eum
969 671 1080 708 campi,
1094 676 1110 702 Ἰ

92 721 171 750 quos
187 712 382 743 clementiore
397 714 485 742 alveo
502 712 655 749 praeterit,
671 712 730 742 iam
746 713 868 742 navium
885 713 1013 750 patiens.
1029 712 1079 742 Dc

92 759 162 784 sunt
178 753 276 784 stadia
291 755 437 784 mollioris
454 754 525 790 soli,
548 763 605 791 per
627 755 711 791 quod
731 754 792 783 leni
813 759 909 784 tractu
931 763 1078 791 aquarum

91 795 213 826 Persico
229 796 303 826 mari
319 805 353 826 se
368 796 510 826 insinuat.
531 797 629 826 Amne
645 800 805 833 superato,
822 805 890 825 cum
906 797 945 825 IX
960 796 1081 825 milibus
1092 800 1108 826 3

91 838 226 875 peditum
242 842 271 867 et
285 837 426 874 Agrianis
449 837 673 874 sagittariisque
690 840 740 873 [et]
758 838 942 867 Graecorum
964 845 1077 866 merce-

92 878 244 909 nariorum
260 879 355 909 tribus
371 879 501 916 milibus,
517 879 628 908 additis
643 879 791 908 Thracum
808 879 921 917 [mille],
938 879 967 907 in
979 877 1078 915 regio-

91 929 160 950 nem
175 920 321 950 Uxiorum
337 920 484 958 pervenit.
527 920 666 950 Finitima
683 920 771 950 Susis
793 925 840 950 est
861 925 891 950 et
906 920 934 949 in
952 919 1078 956 primam

91 962 247 992 Persidem
263 962 409 997 excurrit,
433 966 529 992 artum
550 962 628 992 inter
642 970 676 991 se
692 966 721 991 et
736 961 886 991 Susianos
902 961 1015 991 aditum
1031 970 1077 990 re—

91 1004 243 1041 linquens.
287 1005 424 1034 Madates
447 1009 511 1034 erat
532 1003 666 1041 regionis
689 1004 877 1039 praefectus,
901 1003 982 1032 haud
1004 1008 1107 1033 sane4

92 1051 261 1083 temporum
273 1046 380 1075 homo:
399 1046 513 1082 quippe
526 1045 630 1075 ultima
641 1053 696 1081 pro
713 1045 774 1074 fide
785 1044 916 1082 experiri
933 1045 1077 1074 decreve-

91 1092 146 1118 rat.
170 1087 232 1117 Sed
246 1087 334 1125 periti
350 1088 487 1117 locorum
500 1087 707 1116 Alexandrum
719 1087 839 1123 docent,
856 1087 1008 1116 occultum
1022 1085 1078 1115 iter
1090 1091 1106 1116 5

92 1138 163 1159 esse
178 1138 234 1166 per
250 1130 342 1159 calles
357 1133 387 1159 et
402 1137 544 1159 aversum
559 1130 597 1158 ab
614 1129 703 1158 urbe:
720 1128 745 1157 si
758 1136 876 1166 paucos
890 1127 1025 1157 misisset
1036 1128 1076 1157 le-

91 1170 168 1200 viter
193 1176 341 1207 armatos,
369 1179 462 1207 super
489 1171 590 1207 capita
616 1170 748 1200 hostium
777 1178 936 1199 evasuros.
981 1169 1077 1205 Quum
1091 1173 1107 1200 6

93 1212 253 1242 consilium
267 1212 446 1249 placuisset,
464 1212 555 1242 iidem
572 1212 711 1241 itinerum
728 1212 849 1241 suerunt
863 1212 967 1241 duces.
1003 1210 1035 1240 M
1049 1215 1079 1240 et

94 1256 115 1284 D
137 1255 278 1284 mercede
300 1254 441 1284 conducti
464 1258 493 1283 et
514 1253 639 1290 Agriani
662 1254 724 1282 sere
747 1253 827 1282 mille
845 1252 975 1282 Tauroni
989 1260 1076 1289 prae-

94 1297 171 1326 fecto
189 1296 249 1325 dati
266 1304 301 1325 ac
317 1300 388 1333 post
404 1295 479 1325 solis
495 1303 639 1324 occasum
655 1294 710 1324 iter
726 1294 843 1331 ingredi
866 1293 952 1324 iussi.
996 1294 1077 1331 Ipse,
1090 1299 1106 1326 7

93 1338 178 1367 tertia
201 1337 302 1375 vigilia
324 1337 432 1367 castris
455 1336 558 1371 motis,
583 1336 663 1366 circa
679 1335 756 1366 lucis
772 1340 870 1366 ortum
886 1340 1012 1372 superat
1026 1344 1077 1365 an-

92 1379 208 1416 gustias
225 1387 379 1416 caesaque
394 1378 519 1408 materia
534 1378 666 1408 cratibus
683 1382 712 1407 et
727 1377 838 1414 pluteis
854 1377 1019 1413 faciundis,
1036 1382 1077 1413 ut,

93 1421 145 1458 qui
167 1425 264 1450 turres
291 1421 502 1456 admoverent,
528 1424 615 1449 extra
629 1419 680 1449 teli
696 1419 807 1449 iactum
828 1423 946 1454 essent,
973 1419 1079 1449 urbem

93 1462 235 1492 obsidere
251 1463 361 1499 coepit.
405 1462 569 1499 Praerupta
585 1466 670 1491 erant
685 1461 800 1493 omnia,
819 1460 902 1491 saxis
919 1465 948 1490 et
960 1460 1107 1491 cotibuss

91 1503 245 1540 impedita.
283 1504 385 1533 Multis
401 1512 473 1540 ergo
489 1503 666 1532 vulneribus
684 1502 819 1540 depulsi,
841 1507 874 1532 ut
890 1502 1002 1539 quibus
1018 1510 1077 1532 non

93 1553 161 1575 cum
176 1546 264 1575 hoste
280 1546 393 1582 solum,
417 1545 472 1575 sed
488 1545 577 1575 ctiam
593 1553 661 1574 cum
677 1545 745 1574 loco
762 1544 967 1574 dimicandum
982 1548 1074 1579 esset,

92 1586 234 1616 subibant
253 1592 368 1622 tamen,
391 1587 462 1624 quia
476 1595 530 1616 rex
546 1586 623 1616 inter
638 1586 753 1623 primos
772 1585 962 1620 constiterat,
986 1584 1076 1615 inter·
1089 1590 1106 1617 9

92 1634 220 1665 rogans,
241 1633 285 1658 tot
304 1629 423 1658 urbium
449 1628 578 1658 victores
601 1636 638 1657 an
661 1628 877 1658 erubescerent
898 1627 1025 1656 haerere
1046 1626 1076 1656 in

93 1669 254 1700 obsidione
281 1670 395 1699 castelli
422 1670 524 1707 exigui
551 1674 580 1699 et
604 1669 762 1706 ignobiHs,
788 1669 875 1699 simul
897 1668 1078 1704 admonens,

92 1713 152 1742 iam
164 1711 179 1730 *
195 1712 221 1739 *.
