1215 1895
237 53 309 82 LlB.
324 52 375 83 lv.
392 52 474 83 CAP.
488 52 569 90 xlv,
581 56 688 84 8—26.
707 61 757 90 nv.
773 61 857 85 ατε-55.
876 61 914 88 z.]
1053 51 1097 84 69

101 129 148 159 dis
165 128 261 159 videri
271 131 375 166 potest,
391 136 482 158 unum
498 129 613 158 animal
629 131 672 158 est
687 132 723 164 et,
741 129 770 158 si
784 128 858 165 quid
872 128 947 158 mihi
966 129 1095 164 creditis,

100 172 288 201 temerarium
299 175 327 200 et
337 178 451 205 vecors,
466 171 567 200 adhuc
577 174 676 200 nostro
684 177 797 207 pavore
814 178 902 206 quam
917 179 972 200 sua
990 172 1096 200 virtute

61 212 228 249 19selicius.
262 212 344 242 Nihil
353 216 450 241 autem
464 216 559 249 potest
572 220 635 242 esse
652 212 833 246 diuturnum,
853 213 904 241 cui
920 220 978 242 non
1000 213 1095 242 subest

99 256 186 284 ratio.
217 254 299 284 Licet
310 254 442 290 felicitas
459 255 599 291 aspirare
615 254 765 288 videatur,
789 257 886 282 tamen
905 255 948 283 ad
963 255 1095 284 ultimum

100 297 257 326 temeritati
272 303 329 325 non
349 295 469 331 sufficit.
508 296 670 325 Praeterea
687 296 787 324 breves
803 299 832 324 et
850 296 1002 325 mutabiles
1020 297 1097 326 vices

59 342 94 368 20
101 346 202 368 rerum
212 341 288 371 sunl,
299 341 328 366 et
335 337 461 373 fortuna
472 345 623 374 nunquam
642 338 814 374 simpliciter
831 337 971 373 indulqet.
1014 338 1096 366 For-

100 381 177 409 sitan
188 381 229 409 ita
242 379 286 408 dii
292 379 362 414 sata
373 379 594 413 ordinaverunt,
614 383 645 408 ut
656 379 816 408 Persarum
835 379 998 416 imperium,
1018 379 1098 416 quod

101 421 228 451 secundo
238 429 328 450 cursu
341 429 399 458 per
415 420 554 451 ducentos
572 422 694 457 triqe'nta
711 428 805 449 annos
822 421 865 449 ud
879 429 1022 450 summum
1037 420 1096 456 fa-

101 465 217 499 stiqium
227 467 394 497 evexerant,
405 470 513 500 mayno
523 467 600 492 motu
611 467 799 492 concuterent
813 464 915 498 magus,
934 471 1023 500 quam
1040 463 1096 499 as-

99 506 238 541 sliqerent
262 505 508 542 admonerentque
534 513 586 534 nos
612 505 792 540 srayilitatis
819 504 983 540 humanae,
1013 506 1098 534 cuius

60 552 93 578 21
104 548 196 576 nimia
217 548 248 575 in
267 548 419 584 prosperis
440 547 526 576 rebus
546 547 648 576 oblivio
669 550 719 576 est.
762 545 853 575 Modo
876 546 998 576 Graecis
1020 548 1097 576 ultro

102 589 207 618 bellum
219 588 435 624 inserebamus:
444 597 523 619 nunc
534 590 563 617 in
575 589 693 618 sedibus
708 589 814 618 nostris
825 590 1038 624 propulsamus
1055 589 1097 617 il-

102 632 204 659 latum.
232 630 387 659 Iactamur
397 631 519 660 invicem
530 632 672 660 varietate
687 630 840 666 fortunae.
879 631 1020 660 Videlicet
1037 631 1089 659 im-

101 673 226 709 perium,
237 673 308 708 quia
319 676 417 701 mutuo
427 672 610 708 affectamus,
623 680 682 701 una
692 681 766 708 qens
777 680 835 701 non
847 673 938 708 capit.

60 718 94 744 22
187 712 255 750 (55)
277 713 417 747 Ceterum,
429 716 544 744 etiamsi
558 723 626 751 spes
642 722 698 743 non
717 714 850 748 subesset,
873 714 1030 743 necessitas
1047 717 1096 743 ta-

102 763 167 784 men
179 757 331 785 stimulare
342 756 475 785 deberet:
492 757 535 785 ad
550 761 684 785 extrema
698 759 871 792 perventum
887 759 938 785 est.
968 755 1099 785 Matrem

103 804 209 832 meam,
234 798 311 826 duas
328 798 423 833 filias,
448 797 557 827 Ochum
576 799 607 826 in
624 805 704 834 spem
721 798 808 827 buius
826 799 945 834 imperii
957 799 1097 833 genitum,

98 839 265 876 principes,
284 840 366 868 illam
382 839 504 869 sobolem
522 841 623 876 reqiae
639 841 753 876 stirpis,
766 840 856 868 duces
866 843 982 875 vestros,
994 847 1098 875 reyum

102 881 206 916 instar,
217 881 325 910 vinctos
336 881 436 910 habet:
455 883 514 910 nisi
528 882 602 918 quid
617 883 647 910 in
665 882 742 910 vobis
756 883 826 918 spei,
845 889 899 917 epo
916 882 1028 910 maiore
1041 882 1099 910 mei

97 926 189 959 parte
198 924 332 959 captivus
340 931 413 952 sum.
446 923 561 960 Eripite
579 925 693 953 viscera
711 931 775 953 mea
792 931 832 952 ex
849 924 990 953 vinculis:
1006 924 1097 952 resti-

103 965 172 994 tuite
183 965 399 1001 mihipiqnora
410 973 467 1002 pro
478 966 581 1001 quibus
593 967 650 1002 ipsi
660 966 735 995 mori
743 973 802 994 non
813 966 964 1001 recusatis,
978 973 1098 1002 paren-

61 1009 168 1041 =limem,
191 1006 312 1036 liberos:
335 1014 405 1035 nam
422 1009 574 1043 coniuyem
592 1009 622 1036 in
642 1008 692 1036 illo
702 1016 826 1037 carcere
836 1008 930 1037 amisi.
973 1007 1098 1042 Credite,

103 1056 182 1077 nunc
199 1056 298 1078 omnes
313 1049 366 1078 bos
383 1049 503 1078 tendere
525 1050 568 1077 ad
588 1057 636 1078 vos
657 1057 779 1083 manus,
803 1050 965 1086 implorare
982 1049 1099 1085 patrios

103 1089 180 1120 deos.
193 1097 276 1126 opem
288 1095 422 1125 vestram,
434 1091 675 1125 misericordiam,
684 1092 775 1126 fidem
786 1099 954 1127 exposcere.
973 1094 1006 1119 ut
1015 1098 1098 1120 com-

102 1131 234 1167 pedibus,
253 1137 284 1160 ut
300 1133 443 1166 servitute,
466 1136 500 1161 ut
510 1134 652 1169 precario
672 1134 749 1162 victu
772 1134 850 1169 ipsos
870 1133 1007 1162 liberetis.
1051 1132 1098 1161 An

103 1173 238 1207 creditis,
260 1181 353 1210 aequo
375 1175 473 1203 animo
493 1175 540 1203 Itis
559 1176 684 1209 servire,
708 1182 831 1211 quorum
852 1183 938 1210 reyes
958 1183 1022 1204 esse
1039 1173 1098 1210 fa—

61 1219 95 1244 24
104 1214 248 1244 stidiunt?
296 1215 398 1250 Video,
420 1216 572 1245 admoveri
592 1217 715 1245 hostium
737 1218 848 1246 aciem:
871 1216 926 1245 sed
944 1224 1002 1253 quo
1017 1223 1098 1253 pro-

100 1258 169 1293 pius
190 1257 348 1286 discrimen
369 1259 493 1291 accedo,
517 1258 572 1287 hoc
593 1260 689 1287 minus
709 1258 762 1292 Ιιιέτ
785 1266 862 1295 quae
885 1258 958 1293 dixi,
979 1266 1098 1295 possum

104 1307 166 1327 esse
180 1303 337 1328 contentus.
370 1299 428 1328 Per
438 1308 492 1335 eqo
505 1308 552 1329 vos
563 1300 633 1329 deos
638 1302 757 1337 patrios
767 1304 977 1337 aeternumque
990 1302 1097 1336 iqnem.

103 1341 156 1376 qui
160 1341 340 1377 praefertur
350 1342 503 1375 altaribus,
519 1342 727 1378 fulyoremque
743 1344 812 1372 solis
824 1344 905 1372 intra
920 1343 996 1378 fines
1012 1344 1100 1378 requi

103 1383 160 1410 mei
175 1383 308 1417 orientis,
328 1391 386 1419 per
402 1388 553 1412 aeternam
572 1386 742 1413 memoriam
762 1385 844 1421 Cyri,
863 1386 916 1421 qui
929 1385 1098 1420 ademptum

102 1423 199 1453 Medis
214 1424 361 1461 Lydisque
378 1426 533 1461 imperium
548 1427 663 1462 primus
681 1427 711 1454 in
730 1427 881 1455 PersTdem
899 1427 1011 1455 intulit:
1031 1427 1098 1454 vin-

60 1465 200 1494 25dicate
210 1467 248 1495 ab
266 1468 364 1496 ultimo
381 1467 525 1497 dedecore
542 1476 645 1497 nomen
660 1473 833 1504 gentemque
850 1468 1020 1497 Persarum.
1053 1467 1099 1496 Ite

103 1508 219 1536 alacres
236 1512 265 1537 et
280 1516 332 1545 spe
344 1510 429 1545 pleni
434 1532 441 1542 ‚
462 1514 506 1544 ut,
525 1518 613 1546 quam
629 1511 758 1546 ylariam
775 1511 929 1546 accepistis
941 1518 960 1538 a
971 1510 1095 1538 maiori-

102 1549 155 1578 bus
166 1551 275 1583 vestris,
283 1552 408 1587 posteris
419 1552 601 1587 relinquatis.
632 1552 669 1580 In
681 1552 796 1581 dextris
807 1553 908 1581 vestris
926 1552 985 1580 iam
1003 1552 1093 1580 liber—

101 1594 195 1624 tatem,
213 1599 306 1628 opem,
322 1601 404 1629 spem
418 1592 521 1628 futuri
535 1595 672 1630 temporis
686 1595 799 1630 yert'tt's.
835 1592 951 1630 Effuqt’t
966 1598 1099 1629 mortem,

101 1634 231 1670 quisquis
257 1636 477 1671 contempserit:
504 1635 716 1664 timidissimum
737 1643 877 1672 quemque
898 1636 1098 1672 consequitur.

60 1677 93 1703 ΞΓ)
103 1674 172 1711 Ipse
188 1683 245 1704 non
260 1678 362 1712 patrio
377 1684 458 1706 more
479 1678 587 1713 solum,
608 1677 664 1706 sed
677 1679 766 1707 etiam
784 1681 816 1707 ut
831 1679 964 1715 conspici
975 1678 1097 1714 possim,
