1215 1895
161 71 235 102 LIB.
252 72 303 102 IV.
321 72 401 102 CAP.
417 72 479 108 XII,
499 71 668 102 12—CAP.
685 71 761 109 XIII,
776 76 802 102 8.
819 83 866 110 [iv.
886 84 970 105 ⁴5—47.
992 83 1029 109 z.]
1073 72 1115 104 63

74 148 189 186 231pse
205 148 402 185 phalangem,
430 147 508 178 sieut
529 152 618 178 antea
639 147 752 178 dietum
774 153 834 184 est,
863 149 891 178 in
914 149 975 179 duo
998 157 1113 179 cornua

117 190 312 220 extenderat:
339 194 500 226 utrumque
527 197 622 219 cornu
648 190 768 227 equites
791 191 941 227 tegebant.
987 191 1112 228 Iamque

117 231 241 261 nitidior
256 233 324 268 lux,
347 232 488 261 discussa
503 231 648 268 calIgine,
664 231 761 261 aciem
777 232 909 263 hostium
926 233 1112 269 ostenderat,

117 278 148 303 et
161 273 345 303 Macedesnes
362 272 428 302 sive
443 272 598 302 alacritate
630 272 695 302 sive
712 274 812 303 taedio
829 274 1051 311 expectationis
1068 275 1112 304 in-

116 320 237 352 gentem
255 313 451 353 pugnantium
466 323 551 345 more
566 314 690 344 edidere
703 316 876 346 clamorem.
921 316 1070 346 Redditus
1083 321 1112 346 et

117 366 135 387 a
149 357 251 387 Persis
274 364 398 386 nemora
420 357 578 393 vallesque
594 356 805 388 circumiectas
821 358 945 388 terribili
962 367 1040 388 sono
1057 358 1112 388 im-

74 399 263 436 24pleverat.
299 398 360 427 Nec
386 398 445 427 iam
471 398 619 428 contineri
644 399 829 430 Macedones
856 404 1011 437 poterant,
1037 400 1110 437 quin

117 449 209 470 cursu
226 448 349 477 quoque
360 440 400 469 ad
415 440 533 470 hostem
551 441 778 471 contenderent.
814 442 924 472 Melius
946 442 1046 472 adhuc
1063 450 1110 471 ra·

117 487 181 518 tus,
202 481 232 511 in
254 482 362 512 eodem
385 482 498 511 tumulo
523 486 623 512 castra
645 482 777 518 munire,
799 484 913 514 vallum
928 483 987 513 iaci
1005 483 1109 514 iussit:

116 531 301 561 strenueque
324 531 417 560 opere
439 524 575 561 perfecto
599 523 628 553 in
645 525 888 561 tabernaculum,
912 533 950 555 ex
967 534 1027 562 quo
1048 530 1109 555 tota

115 565 198 595 acies
213 565 345 596 hostium
362 565 620 603 conspiciebatur,
636 566 776 596 secessit.

493 635 586 663 CAP.
611 635 687 664 XIII.

86 700 99 724 1
195 692 262 730 (47)
284 694 358 723 Tum
378 702 452 724 vero
476 694 619 723 universa
641 693 730 723 futuri
754 693 938 724 discriminis
965 694 1059 724 facies
1079 694 1109 724 iu

115 735 212 766 oculis
228 740 307 765 erat:
323 735 415 765 armis
430 735 602 772 insignibus
619 735 690 772 equi
706 736 826 773 virique
842 737 1060 774 splendebant,
1080 741 1110 766 et

115 776 216 807 omnia
231 777 392 806 intendore
408 786 480 807 eura
496 778 671 814 praeparari
688 779 770 815 apud
792 778 911 808 hostem
933 778 1107 809 sollicitudo

84 824 102 850 2
111 823 285 857 praetorum
311 818 432 856 agmina
458 827 514 849 sua
539 819 816 857 interequitantium
842 820 1038 850 ostendebat:
1073 829 1109 849 ac

114 862 262 899 pleraque
277 860 393 897 inania,
410 860 488 891 sicut
505 861 641 891 fremitus
657 861 829 897 hominum,
846 870 994 899 equorum
1010 862 1108 891 hinni-

113 909 171 940 tuS‚
183 911 336 933 armorum
348 902 585 934 internitentium
598 904 705 940 fulgor,
719 903 880 934 sollicitam
893 904 1108 941 expectatione

83 949 242 976 amentem
264 945 468 975 turbaverant.
511 945 604 983 Igitur
626 945 692 975 sive
714 946 825 975 dubius
848 946 954 981 animi,
984 946 1050 976 sive
1077 951 1109 976 ut

113 995 189 1017 suos
205 986 408 1024 experiretur,
435 988 596 1017 consilium
612 987 750 1023 adhibet,
774 988 847 1025 quid
864 988 1010 1026 optimum
1027 989 1108 1018 sactu

83 1034 101 1059 4
112 1033 210 1063 esset,
228 1029 404 1066 exquirens.
445 1029 618 1064 Parmenio,
636 1029 839 1066 peritissimus
855 1030 933 1060 inter
949 1031 1044 1060 duces
1061 1039 1107 1060 ar-

112 1070 186 1101 tium
201 1071 281 1106 belli,
309 1072 398 1107 furto,
416 1080 478 1101 non
494 1071 612 1108 proelio
629 1079 708 1108 opus
724 1080 795 1101 esse
813 1072 974 1102 censebat:
1002 1072 1109 1102 intem-

113 1117 202 1150 pesta
217 1116 308 1142 nocte
325 1112 455 1150 opprimi
471 1121 566 1150 posse
581 1113 703 1142 hostes:
720 1113 881 1144 discordes
894 1114 1039 1150 moribus,
1052 1114 1108 1144 lin-

112 1155 191 1192 guis,
207 1155 246 1184 ad
262 1154 320 1184 hoc
337 1163 445 1185 somno
458 1159 488 1185 et
502 1154 670 1192 improviso
684 1155 819 1192 periculo
836 1155 966 1192 territos,
983 1157 1107 1193 quando

83 1197 142 1227 5in
159 1201 307 1226 nocturna
328 1196 530 1234 trepidatione
556 1197 714 1227 coituros?
755 1199 796 1227 At
821 1197 951 1228 interdiu
977 1198 1107 1235 primum

113 1238 263 1269 terribiles
279 1245 463 1268 occursuras
487 1239 582 1269 facies
599 1238 780 1277 Scytharum
796 1239 1106 1277 Bactrianorumque:

112 1280 191 1310 hirta
206 1280 264 1310 illis
281 1288 335 1310 ora
350 1285 380 1310 et
400 1280 539 1311 intonsas
561 1288 665 1311 comas
681 1289 767 1317 esse,
791 1286 950 1319 praeterea
965 1282 1106 1312 eximiam

112 1327 269 1353 vastorum
284 1322 522 1360 magnitudinem
539 1331 710 1361 corporum.
742 1323 839 1354 Vanis
854 1328 884 1354 et
898 1323 1040 1354 inanibus
1052 1323 1107 1354 mi-

90 1364 196 1394 filitem
217 1364 312 1402 magis
335 1373 426 1402 quam
447 1365 536 1395 iustis
559 1365 729 1396 formidinis
753 1366 855 1396 causis
878 1366 1004 1396 moveri.
1048 1367 1106 1396 De—

113 1407 184 1436 inde
200 1411 311 1436 tantam
326 1407 548 1437 multitudinem
564 1408 767 1438 circumfundi
787 1408 984 1446 paucioribus
1002 1416 1108 1445 posse.

112 1449 178 1478 Non
195 1448 223 1477 in
241 1448 363 1478 Ciliciae
379 1449 529 1486 angustiis
545 1454 574 1479 et
589 1449 680 1479 inviis
697 1450 841 1486 callibus,
872 1451 928 1480 sed
949 1451 979 1480 in
1001 1455 1108 1488 aperta

84 1494 99 1520 7
114 1495 143 1520 et
159 1491 218 1520 lata
233 1490 357 1527 planitie
379 1491 532 1521 dimicare.
569 1491 680 1522 Omnes
704 1493 767 1522 sere
787 1492 978 1523 Parmenioni
1000 1501 1108 1523 assen-

114 1531 278 1562 tiebantur:
294 1533 487 1571 Polypercon
502 1533 583 1563 haud
600 1534 691 1564 dubie
713 1534 742 1563 in
765 1542 802 1564 eo
825 1534 954 1565 consilio
976 1534 1108 1572 positam

84 1573 273 1604 avictoriam
295 1575 506 1605 arbitrabatur.
551 1575 644 1612 Quem
671 1576 792 1606 intuens
818 1585 887 1613 rex,
909 1594 952 1599 —
976 1585 1108 1614 namque

112 1616 341 1647 Parmenionem
358 1625 456 1655 nuper
471 1617 588 1653 acrius,
612 1627 701 1656 quam
719 1619 824 1655 vellet,
846 1618 1027 1657 increpitum
1042 1628 1107 1650 rur-

114 1667 168 1688 sus
184 1658 335 1696 castigare
351 1668 411 1690 non
429 1659 655 1701 sustinebat‚—
668 1661 932 1698 Lalrunculorum,
950 1660 1064 1699 inquit,
1082 1666 1110 1691 et

110 1700 216 1736 surum
231 1702 287 1731 ista
298 1703 429 1733 sollertia
446 1706 495 1738 est,
514 1711 602 1740 quam
617 1704 791 1740 praecipitis
808 1704 895 1733 mihi.-
913 1705 1024 1742 quippe
1039 1705 1106 1734 illo-
