1215 1895
104 72 145 102 28
449 69 482 104 Q.
507 68 662 97 CURTll
683 67 791 96 RUFI

140 147 180 170 lll.
199 147 268 175 Quae
289 145 387 169 obsidio
408 144 491 168 dubiis
513 143 571 167 belli
590 143 720 166 eventibus
738 142 872 166 admodum
893 142 1021 166 nobilitata
1040 146 1085 166 est.

139 181 182 205 IV.
200 180 309 203 Tandem
320 179 345 202 vi
355 182 427 209 capta
437 178 535 201 funesto
545 181 658 200 vastatur
668 177 793 200 incendio.
828 177 859 200 V.
873 176 947 201 Darei
958 177 1046 200 iterata
1055 177 1087 200 dc

139 221 202 245 pace
224 213 422 242 submissior-que
441 211 532 243 legatio
553 211 583 234 ab
602 210 746 234 Alexandro
767 210 926 241 repudiatur:
951 218 1000 240 quo
1020 210 1087 234 facto

140 248 227 271 Graeci
238 254 294 270 eum
309 253 399 269 corona
409 253 483 269 aurea
494 245 598 269 donant:
620 244 662 268 ille
672 252 717 276 per
729 245 869 275 praefectos
883 244 1015 275 plerasque
1027 245 1086 268 Per-

140 289 223 304 earum
241 281 383 312 provincias
402 281 427 303 in
437 283 585 311 potestatem
595 285 666 302 suam
677 279 776 310 redigit.
813 279 855 302 VI.
875 279 916 302 Ad
925 278 1017 302 bellum
1029 279 1088 302 dum

140 323 167 339 se
181 315 285 346 accingit
296 313 405 341 Darem,
415 313 558 337 Alexander
571 312 665 337 Gazam
678 316 806 344 expugnat
821 313 924 342 eiusque
934 312 1088 343 praefectum

140 349 219 372 Betim
231 348 325 372 crudeli
336 347 553 379 afficitsupplieio.
586 347 641 370 VII.
662 346 726 370 Dein
741 347 882 377 Aegyptum
901 346 983 377 pergit
999 350 1023 369 et
1037 346 1089 370 adit

140 383 205 407 Iovis
223 382 366 406 Hammonis
383 382 518 405 oraculum.
554 381 617 404 vm.
636 382 663 404 In
674 381 788 411 Aegypto
800 380 978 404 Alexandriam
996 380 1089 408 condit,

140 416 274 448 Memphim
294 416 365 447 petit,
384 423 424 439 res
442 415 550 446 Aegypti
569 414 676 439 ordinat.
709 414 750 438 IX.
768 414 863 438 Dareus
878 415 911 438 ad
927 414 1019 437 Arbela
1033 421 1088 445 per-

140 451 208 474 venit
221 458 300 480 eoque
318 450 395 473 invito
408 449 550 473 Alexander
560 449 655 480 Tigrim
671 452 780 480 superat.
816 447 846 472 X.
868 448 957 471 Milites
968 448 999 471 ob
1016 447 1090 471 lunae

142 484 265 508 defectum
276 484 387 507 turbatos
403 491 448 514 per
458 483 596 515 Aegyptios
612 487 682 507 vates
700 482 828 506 confirmat
840 482 989 506 Alexander.
1000 482 1089 505 Persas

140 523 279 542 vastatores
290 518 388 541 coniicit
399 519 422 540 in
434 518 529 549 fugam.
542 518 616 543 Darei
627 524 690 540 uxor
702 517 813 547 captiva,
836 524 948 540 moerore
967 516 1090 544 confecta,

140 560 283 584 supremum
303 552 369 575 diem
381 552 448 578 obit,
470 551 534 575 unde
551 550 688 574 Alexandri
700 551 823 574 lacrimae.
851 550 925 573 Darei
936 549 1090 581 suspiciones

141 587 271 616 luctusque
284 590 307 609 et
318 590 383 609 vota.
420 585 462 608 XI.
481 586 570 608 Pacem
586 586 686 608 tertium
696 585 940 614 quaesitamDareus
949 591 998 608 non
1010 584 1089 614 impe-

140 625 187 644 trat
197 639 202 645 .
216 622 290 643 immo
307 620 340 643 ad
352 620 503 643 deditionem
518 622 560 642 aut.
574 619 607 642 ad
618 618 710 642 bellum
721 619 752 642 ab
770 618 914 642 Alexandro
932 621 1090 649 provocatur.

140 654 192 677 xli.
215 655 253 678 Ad
266 654 387 685 proelium
399 654 457 676 dum
472 654 603 677 Persarum
615 660 641 675 se
655 653 778 676 exercitus
788 656 868 683 parat,
880 652 1030 675 Macedones
1040 654 1090 675 ter-

141 696 195 711 rore
211 689 277 711 velut
291 687 441 719 lymphatico
453 687 565 718 percussi
575 694 643 710 arma
654 687 766 710 alacriter
776 690 917 717 capessunt.
943 685 1007 708 xm.
1028 684 1090 709 Con-

140 723 196 745 silia
216 723 245 745 de
256 727 374 745 nocturno
395 721 492 752 proelio
516 721 685 744 Parmenionis
697 724 720 744 et
738 720 925 752 Polyper-contis
950 719 1092 743 Alexander

141 756 242 779 damnat
253 763 391 785 somnoque
409 755 517 778 resectus
533 755 642 778 interrito
653 755 722 778 vultu
735 761 794 777 suos
805 754 836 777 ad
849 761 960 785 pugnam
971 753 1091 777 accendit.

141 789 204 812 XIV.
225 790 361 813 Alexandri
380 789 412 812 ad
431 789 594 816 Graecorum,
613 788 687 812 Darei
705 788 737 812 ad
749 789 879 812 Persarum
896 788 1019 811 exercitus
1036 793 1092 810 ante

141 831 253 855 pugnam
264 824 397 847 orationes.
426 823 481 846 XV.
494 822 593 846 Cruenti
605 822 637 845 ad
650 822 742 846 Arbela
754 821 842 853 proelii
853 822 995 852 descriptio.
1007 821 1093 844 Victor

140 857 284 881 Alexander
293 858 402 881 Dareum
411 858 502 880 vietum
519 857 685 887 persequitur.
720 856 786 879 XVI.
806 856 937 879 Parmenio
956 856 981 878 in
1004 855 1092 879 discri-

142 892 207 915 mine
218 892 365 915 constitutus
377 890 547 915 Alexandrum
557 890 667 915 retrahit.
688 890 798 914 Tandem
817 890 914 921 integra
931 889 1036 912 victoria
1046 896 1091 920 po-

141 926 178 949 titi
199 925 347 949 Macedones
366 924 476 955 reliquos
494 926 581 948 Persas
592 925 652 955 fuga
662 925 710 948 sihi
721 931 840 954 quaerere
852 924 957 947 salntem
968 927 1070 955 cogunt.

555 976 648 1005 CAP.
671 977 692 1004 I.

186 1025 217 1062 (1
234 1030 275 1053 ed.
293 1029 413 1062 Zumpt.)
435 1027 565 1060 Dareus,
589 1025 662 1054 tanti
677 1026 768 1054 modo
785 1024 937 1053 exercitus
952 1032 1022 1059 rex⁷
1045 1023 1096 1060 qui
1122 1029 1135 1053 1

106 1067 320 1104 triumphantis
343 1062 439 1103 magis
457 1076 548 1103 quam
564 1066 735 1095 dimicantis
751 1074 835 1095 more
852 1074 941 1094 curru
957 1064 1095 1094 sublimis

107 1109 215 1138 inierat
231 1110 394 1145 proelium,
421 1117 474 1144 per
490 1109 571 1143 loca⁷
590 1116 668 1144 quae
684 1116 782 1144 prope
799 1106 955 1136 immensis
970 1106 1095 1142 agmini-

108 1151 165 1179 bus
181 1151 374 1186 impleverat,
391 1150 449 1178 iam
466 1150 567 1178 inania
582 1154 611 1178 et
626 1150 739 1186 ingenti
755 1148 918 1178 solitudine
930 1152 1033 1183 vasta,
1050 1149 1094 1177 t'u-

108 1192 217 1228 giebat.
247 1192 337 1220 Pauci
352 1199 455 1227 regem
471 1191 692 1227 sequebantur:
708 1198 776 1219 nam
792 1198 848 1219 nec
864 1190 972 1219 eodem
989 1197 1095 1218 omnes
1120 1194 1137 1218 2

109 1235 210 1269 fugam
226 1233 417 1262 intenderant
442 1236 480 1266 et,
497 1232 708 1261 deficientibus
725 1231 823 1267 equis,
841 1239 963 1259 cursum
980 1238 1093 1265 eorum,

109 1283 189 1311 quos
204 1283 260 1303 rex
276 1274 406 1303 subinde
420 1274 562 1308 mutabat,
578 1282 711 1310 aequare
727 1281 787 1302 non
804 1276 952 1309 poterant.
976 1271 1096 1301 Onchas
1120 1275 1138 1301 3

109 1316 220 1345 deinde
242 1316 394 1352 pervenit,
417 1315 468 1344 ubi
491 1323 642 1351 excepere
665 1323 733 1343 eum
754 1314 938 1343 Graecorum
955 1318 1096 1350 quattuor

111 1357 207 1393 milia,
229 1358 339 1394 [omnis
361 1357 524 1394 exercitus]
548 1357 606 1385 iam
627 1357 739 1392 regius.
786 1356 859 1384 Tum
872 1356 910 1384 ad
924 1355 1095 1391 Euphraten

112 1399 280 1433 contendit,
306 1399 336 1427 id
353 1399 472 1427 demum
485 1399 614 1427 credens
631 1398 694 1427 sore
711 1397 823 1433 ipsius,
847 1397 929 1433 quod
945 1396 1098 1425 celeritate

112 1439 290 1476 praecipere
306 1440 466 1476 potuisset.

188 1483 227 1510 At
240 1482 415 1510 Alexander
429 1481 670 1515 Parmenionem,
698 1489 753 1517 per
769 1488 858 1517 quem
874 1480 956 1516 apud
972 1480 1095 1507 Damas·
1107 1483 1125 1507 4

112 1531 180 1551 eum
197 1527 321 1559 recepta
336 1527 399 1552 erat
415 1523 538 1559 praeda,
554 1523 685 1557 iussum⁷
712 1530 778 1551 eam
799 1522 896 1557 ipsam
912 1525 941 1550 et
956 1519 1094 1556 captivos

112 1563 247 1600 diligenti
263 1572 424 1593 asservare
441 1564 589 1599 custodia,
606 1563 722 1601 Syriae,
741 1571 831 1600 quam
848 1563 956 1592 Coelen
973 1564 1094 1596 vocant,

113 1605 269 1642 praefecit.
313 1606 431 1634 Novum
446 1605 604 1642 imperium
621 1605 705 1642 Syri,
722 1605 856 1634 nondum
871 1603 942 1632 belli
958 1602 1094 1632 cladibus
1108 1606 1124 1632 5

114 1646 188 1676 satis
204 1646 316 1681 domiti,
334 1647 589 1683 aspernabantur:
606 1648 661 1676 sed
672 1646 809 1675 celeriter
821 1645 938 1674 subacti
951 1643 1095 1674 obedien-

115 1692 159 1716 ter
173 1687 320 1725 imperata
335 1689 480 1718 fecerunt.
506 1688 623 1717 Aradus
641 1695 763 1725 quoque
779 1687 879 1716 insula
891 1686 1010 1715 deditur
1021 1684 1095 1722 regi.
