1215 1905
135 99 204 128 ΜΒ.
219 98 284 126 vll.
298 97 380 126 CAP.
394 97 442 133 111,
456 96 688 133 17—CAP.1V‚
706 100 746 126 16.
771 106 829 133 [vu.
845 106 926 126 is-m.
941 106 978 132 z.1
1014 95 1072 126 151

53 181 70 206 5
81 174 248 205 habiturus.
293 172 356 202 Sibi
384 172 506 209 placere
532 171 561 201 in
590 171 763 209 Sogdiz‘inos
786 172 948 207 recedere,
975 171 1074 201 Oxum

81 224 200 247 amnem
222 215 305 245 velut
327 222 444 243 murum
466 213 655 243 obiecturum
680 213 775 249 hosti,
798 214 869 243 dum
885 221 923 242 ex
939 213 1074 243 finitimis

50 263 69 291 6
80 258 221 296 gentibus
234 256 334 286 valida
346 255 459 285 auxilia
473 260 698 285 concurrerent.
714 257 870 285 Venturos
881 260 981 285 autem
996 255 1070 286 Cho<

81 299 212 330 rasmios
225 298 361 329 etDahas
370 298 528 334 Sacasque
541 301 570 326 et
582 298 674 326 Indos
688 301 718 327 et
731 298 808 326 ultra
819 297 942 326 Tandim
954 305 1073 327 amnem

83 342 218 372 colentes
240 340 388 378 Scythas,
412 347 541 376 quorum
565 339 715 368 neminem
737 339 815 369 adeo
833 339 976 368 humilem
991 347 1073 374 esse,

81 388 114 413 ut
134 383 248 413 humeri
273 382 340 412 eius
367 390 427 412 non
455 385 584 418 possent
603 381 780 411 Macedonis
805 381 905 410 militis
928 381 1073 410 verticem

53 430 69 457 7
82 432 225 462 aequare.
249 424 444 454 Conclamant
457 423 620 458 temulenti,
637 431 727 452 unam
741 423 818 452 hanc
832 422 1012 452 sententiam
1024 431 1071 452 sa-

83 468 200 496 lubrem
214 474 298 496 esse:
325 470 354 495 et
368 466 486 495 Bessus
509 465 696 494 circumferri
718 473 834 494 merum
851 464 965 502 largius
981 465 1073 501 iubet,

84 509 290 539 debellaturus
306 516 400 545 super
416 515 552 536 mensam
567 507 786 536 Alexandrum.

52 555 71 582 8
161 549 228 587 (16)
250 550 321 579 Erat
336 550 363 578 in
378 558 413 579 eo
431 548 572 578 convivio
587 548 730 585 Cobfires,
747 549 869 578 natione
881 548 1000 584 Medus,
1016 548 1071 577 scd

83 591 219 629 magicae
241 591 312 621 artis
334 591 374 628 (si
397 591 488 620 modo
510 599 559 620 ars
576 595 638 625 est,
660 599 721 620 non
743 590 900 620 vanissimi
923 591 1072 627 cuiusque

83 634 258 669 ludibrium)
273 633 370 669 magis
387 632 580 669 professione
597 641 688 669 quam
703 632 831 663 scientia
847 632 981 667 celeber,
998 632 1071 661 alio-

51 679 70 706 9
83 676 134 712 qui
150 675 323 705 moderatus
340 679 369 704 et
384 675 508 711 probus.
544 675 573 704 Is
591 683 682 711 quum
698 674 853 711 praefatus
870 678 967 709 esset,
984 673 1072 709 scire,

83 725 174 746 servo
190 717 292 746 utilius
309 724 394 752 esse,
417 724 525 753 parere
548 716 644 751 dicto,
669 724 760 753 quam
776 716 885 745 afferre
902 715 1071 750 consiliumv=

83 767 174 795 quum
191 758 276 792 illos,
300 757 352 795 qui
369 762 508 795 pareant,
532 758 611 787 idem
627 759 710 794 quod
726 763 846 788 ceteros
863 761 998 793 maneat,
1021 757 1071 794 qui

81 808 154 829 vcro
177 801 342 835 suadeant,
366 800 522 836 proprium
544 799 601 829 sibi
618 800 785 836 periculum
800 800 815 818 *
827 800 857 826 *z
875 799 1014 838 [Bessus]
1028 799 1044 818 *
1058 799 1073 817 ‘¹

43 842 225 879 topoculum
241 841 268 870 ei
285 841 389 876 etiam,
413 842 496 877 qnod
512 841 643 870 habebat
659 842 686 869 in
703 850 809 877 manu,
831 841 962 871 tradidit.
1007 841 1072 877 Quo

81 888 208 920 accepto
223 883 366 918 Cobeires,
382 883 507 918 Natura,
525 883 630 920 inquit,
646 885 813 913 mortalium
824 884 879 913 hoc
891 891 1003 920 quoque
1016 891 1072 912 no-

79 927 157 955 mine
165 933 264 962 prava
275 930 303 954 et
313 926 432 954 sinistra
445 926 507 954 dici
515 929 614 962 potest,
630 926 709 961 quod
720 927 749 955 in
761 934 812 955 suo
824 927 945 962 quisque
961 926 1074 961 neqoa'o

42 972 68 997 ll
81 968 208 996 hebetior
221 972 277 1002 est,
302 975 390 1003 quam
408 968 437 995 in
456 968 559 996 alieno.
607 967 739 996 Turbida
750 971 818 997 sunt
828 968 952 996 consilia
963 975 1073 1001 eorum,

83 1011 134 1045 qui
144 1009 200 1037 sibi
211 1007 345 1038 suadent.
380 1008 478 1038 Obstat
487 1013 585 1043 metus,
603 1010 680 1038 alias
691 1010 847 1046 cupiditas,
863 1017 1073 1045 nonnunquam

82 1051 230 1079 naturalis
244 1058 353 1085 eorum,
367 1058 442 1086 quae
453 1052 674 1087 excoqitaveris,
687 1060 787 1080 amor:
800 1059 868 1079 nam
882 1052 912 1080 in
925 1055 952 1079 te
963 1059 1073 1087 super--

80 1092 128 1121 bia
143 1100 200 1122 non
215 1092 305 1122 cadit.
341 1090 492 1129 Expertus
509 1101 540 1122 es
554 1096 708 1129 utcunque,
728 1093 807 1129 quod
821 1094 883 1129 ipse
893 1094 1072 1129 reppereris,

41 1138 73 1163 12
81 1138 133 1163 aut
145 1135 237 1164 solum
248 1138 300 1163 aut
310 1136 447 1171 optimum
460 1134 577 1163 ducere.
593 1134 685 1171 Mayn
690 1143 735 1163 um
749 1143 822 1164 onus
833 1136 957 1163 sustines
969 1136 1072 1171 capite,

80 1177 194 1212 reoium
218 1177 341 1212 insiqne.
383 1176 447 1205 Hoc
457 1180 508 1204 aut
527 1176 676 1205 moderate
700 1176 916 1213 perferendum
934 1180 990 1210 est,
1013 1180 1072 1210 aut,

82 1217 161 1253 quod
178 1217 341 1252 abominor,
364 1219 395 1246 in
417 1219 444 1247 te
464 1222 537 1246 ruet.
574 1218 712 1253 Consilio,
740 1226 796 1248 non
815 1220 923 1255 impetu
938 1226 1011 1254 opus
1022 1222 1071 1247 est.

43 1258 192 1289 13Adiicit
214 1259 339 1293 deinde,
363 1259 445 1295 quod
460 1260 543 1295 apud
558 1258 738 1289 Bactrianos
762 1260 852 1296 vulgo
875 1260 1074 1296 usurpabant,

82 1308 188 1329 canem
204 1300 338 1330 timidum
356 1301 563 1330 vehementius
579 1302 698 1336 latrare,
715 1310 805 1338 quam
822 1302 971 1337 mordere,
991 1301 1073 1330 altis-

82 1341 159 1371 sima
175 1350 315 1379 quaeque
331 1342 455 1372 flumina
471 1343 592 1372 minimo
608 1351 686 1373 sono
703 1343 772 1372 labi.
797 1343 879 1380 Quae
892 1343 1016 1378 inserui,
1033 1347 1073 1378 ut,

83 1383 305 1421 qualiscunque
321 1383 397 1414 inter
412 1384 559 1415 barbaros
575 1385 673 1422 potuit
688 1393 759 1414 csse
775 1385 952 1422 prudentia,
974 1385 1073 1415 trade-

43 1428 74 1454 14
82 1429 172 1454 retur.
211 1426 264 1455 His
280 1426 464 1455 audientium
481 1426 726 1463 expectationem
742 1427 956 1464 suspenderat.
999 1427 1074 1455 Tum

83 1467 242 1496 consilium
259 1467 364 1504 aperit,
383 1467 483 1497 utilius
498 1469 608 1504 Besso,
623 1477 714 1504 quam
730 1469 854 1506 gratius.
877 1469 914 1497 In
928 1469 1073 1503 vestibulo,

82 1507 194 1544 inquit,
215 1511 316 1545 reqiae
328 1513 394 1538 tuae
405 1511 599 1539 velocissimus
615 1512 744 1540 consistit
755 1520 821 1540 rex.
865 1512 939 1540 Ante
953 1512 1002 1540 ille
1014 1519 1073 1546 aq-

41 1554 73 1579 15
80 1557 155 1586 men,
171 1559 258 1587 quam
270 1555 300 1580 tu
311 1559 439 1580 mensam
453 1553 536 1580 istam
552 1553 684 1581 movebis.
717 1552 803 1581 Nunc
815 1553 852 1581 ab
871 1552 968 1582 Tanai
979 1561 1073 1581 exer-

80 1593 169 1621 citum
190 1600 323 1622 accerses
345 1597 373 1621 et
394 1594 485 1622 armis
504 1595 629 1629 flumina
650 1602 787 1630 oppones.
816 1595 948 1629 Scilicet,
971 1603 1030 1631 qua
1041 1598 1072 1623 tu

77 1633 232 1670 fugiturus
247 1644 292 1668 es,
308 1635 395 1664 hostis
408 1637 492 1671 sequi
502 1643 558 1664 non
568 1634 681 1672 potest!
720 1636 783 1665 Iter
794 1638 911 1672 utrique
921 1645 1072 1666 commune

80 1679 135 1711 est,
149 1678 252 1705 victori
261 1678 357 1706 tutius.
389 1677 469 1706 licet
477 1683 627 1706 strenuum
641 1681 746 1707 metum
752 1682 840 1715 pules
850 1686 926 1713 esse,
946 1679 1072 1708 velocior

41 1720 175 1747 {fitamen
186 1721 228 1748 est
238 1727 312 1756 spes.
339 1718 413 1753 Quin
433 1720 583 1748 validioris
600 1727 728 1757 occupas
739 1721 870 1756 ,qratiam
884 1721 1024 1757 dedisque
1035 1725 1072 1756 te,
