1210 1895
466 97 694 122 enam-*arto
1071 107 1096 125 nt

65 165 140 189 deru-
158 168 182 188 et
204 165 334 196 Zumptine
354 168 441 196 putent
461 171 517 189 esse
535 164 649 190 canalem
667 173 698 190 ex
718 165 847 190 Pelusiaco
866 165 916 191 Nili
934 167 1035 192 brachio
1058 175 1098 192 uer

64 207 113 230 que
131 199 164 223 ad
183 199 266 223 sinum
285 199 420 223 Arabicum
440 206 518 230 prope
538 199 696 230 Heroopolim
717 201 868 230 deductum,
887 201 928 232 qui
953 206 1044 233 postea
1059 209 1094 226 ca-

63 234 127 258 nalis
146 233 232 265 regius
251 233 387 257 Ptolemaei
407 232 444 257 vel
462 232 562 257 Traiani
581 234 724 265 appellatus
742 240 788 258 est.
831 236 864 258 At
884 236 908 259 in
928 235 975 260 hac
992 236 1099 261 lectione

63 275 94 292 ne
114 269 239 299 integrum
259 267 360 298 quidem
378 271 506 291 servatum
525 272 563 291 eet
581 275 656 296 oron,
684 269 752 299 quod
779 270 804 293 in
828 269 901 294 codd.
927 274 978 294 est:
1007 271 1098 295 deinde

63 309 122 326 vero
141 303 198 332 quis
218 308 328 332 unquam
347 301 458 325 canalem
473 301 542 325 illum
558 303 655 326 vocavit
670 302 768 327 Heroon
782 305 899 328 amnem?
935 304 1021 335 ltaque
1036 305 1096 329 scri-

63 337 102 368 psi
126 335 181 368 [ad]
200 336 385 360 Cercasorum
432 335 538 360 Nomina
562 338 663 368 propria
685 337 710 361 in
736 338 810 362 codd.
836 337 960 362 Cui-tinnis
987 340 1098 363 omnium

63 371 173 394 maxime
191 375 308 402 corrupta
327 377 350 394 et
370 370 483 394 mutilata
493 375 562 394 sunt:
578 371 630 395 fleri
645 372 722 403 igitur
732 373 806 396 etiarn
822 373 846 396 in
862 372 909 396 hoc
925 374 1025 397 nomine
1043 378 1098 405 pot-

63 409 124 432 erat,
144 409 170 428 nt
189 411 248 436 pura
266 405 335 436 prior
353 412 409 428 cum
428 405 615 436 praepositione
634 406 770 432 excideret.
807 407 879 430 Nilus
897 411 996 436 autem,
1015 413 1042 432 ut
1064 409 1098 432 ait

61 439 125 463 Mela
144 439 162 466 1.
181 437 207 467 9,
227 438 252 465 2.
273 439 345 462 ina-ta
364 439 526 463 Cercasorum
543 440 658 470 oppidum
675 441 771 470 mplex-
788 448 843 465 εει-ε
862 441 950 471 incipit
968 441 993 465 h.
1009 449 1032 465 e.
1047 443 1097 474 pri:

61 481 129 497 mum
148 473 277 497 dividitur.
313 473 364 497 lam
382 480 460 504 quum
487 473 644 503 Alexander,
669 480 694 498 ιιι
713 476 833 499 Arrianus
852 475 892 504 ΠΙ,
913 475 937 503 1,
956 474 983 501 3.
1004 481 1098 505 narrat,

61 507 159 532 Pelusio
179 506 328 538 Heliopolim
343 512 418 538 atque
436 508 494 531 inde
509 508 646 540 Memphim
664 509 871 540 proficisceretur,
890 509 1024 534 verisimile
1039 518 1097 542 pro-

61 542 135 571 fecto,
155 542 281 566 Mazacetn
301 541 420 573 Memphi,
439 550 504 572 quae
523 543 583 566 urbs
602 543 627 566 in
643 544 744 567 sinistra
763 544 811 567 Nili
831 544 886 575 ripa
900 544 947 568 sita
962 548 1024 573 erat,
1040 544 1098 569 Cer-

61 583 176 600 casorum
197 576 354 600 contendisse
374 576 458 607 ibique
477 584 549 600 amne
569 581 687 609 superato
705 578 849 602 Alexandro
867 578 905 602 vel
915 578 1039 611 Heliopoli
1053 579 1097 603 nd-

59 611 108 634 huc
126 611 235 634 versanti
253 610 291 635 vel
310 610 368 634 inde
387 611 437 634 iam
455 611 568 642 prosectu
587 613 734 636 occurrisse.
760 612 887 644 Oppidum
901 612 973 643 illud,
987 621 1002 637 n
1017 612 1097 637 Stra--

60 646 125 669 bone
152 643 336 669 Get-casura
362 646 533 674 nominatum,
563 647 594 669 ab
618 646 742 671 Herodoto
766 642 964 677 Κερκάσωρος,
993 655 1008 672 a
1032 648 1097 672 Mela

61 679 196 703 Cercaso
206 686 261 702 rus
280 679 431 711 appellatur.
468 679 534 704 Satis
549 686 632 704 autent
650 686 755 709 constat,
773 681 884 705 Curtium
901 682 925 705 in
936 682 1036 706 urbium
1053 689 1097 706 no-

61 714 170 738 minibus
188 714 316 745 praeferre
334 714 522 738 terminationes
543 715 659 739 Graecas.

129 747 170 775 tv,
192 745 207 772 7
227 746 298 779 (32),
318 747 360 772 29.
387 749 458 772 Vera
477 753 502 773 et
517 749 614 773 salubm'
632 751 800 774 aestimatione
817 751 892 780 fidem
911 752 1009 774 oraculi
1024 750 1096 782 [pen-

60 781 134 814 tanei]
154 789 219 806 vana
234 782 349 813 profecto
367 790 504 814 responsa,
522 784 586 806 sicut
604 787 684 813 erant,
703 785 785 808 videri
799 785 945 814 potuissent.
982 785 1096 809 Tractavi

60 816 124 840 hunc
143 816 224 840 locum
243 817 317 848 epist.
338 824 362 848 p.
382 815 424 841 31.
453 816 523 841 Nunc
542 823 622 841 tamen
644 825 692 842 non
712 820 838 850 eaeiqenff,
861 819 907 843 sed
922 821 1040 849 peneami
1059 820 1096 843 in-

59 851 184 883 terposui,
213 852 272 882 quia
297 852 400 883 exigere
432 851 478 875 hac
501 853 705 877 examinandi
733 853 916 885 significatione
940 854 1017 877 semel
1041 860 1095 878 tan·

59 889 119 915 tum,
133 892 246 916 pensare
265 893 341 917 saepe
360 893 400 917 ap.
422 885 488 910 Curt.
509 887 640 918 reperitur.

126 920 168 948 lv,
190 920 220 944 ll
240 919 310 950 (43),
331 920 356 944 2.
375 920 421 944 Ιιοο
437 921 542 945 tercimn.
580 921 691 948 Correxi.
707 922 775 953 quod
792 922 868 953 vulgo
884 923 1011 951 scribitur,
1028 926 1095 947 ter-

58 955 117 978 tio:
136 955 231 986 quippe
249 954 392 987 exemplum
404 955 516 979 adverbii
537 956 560 978 in
580 963 595 979 ο
613 957 737 984 exeuntis,
754 956 789 980 ita
808 964 864 980 cum
874 957 1021 988 pronomine
1037 965 1095 982 con-

58 989 148 1015 iuncti,
173 988 268 1012 nullutn
292 989 424 1021 reperitur.
464 990 540 1021 Apud
564 989 675 1014 Curtium
700 996 783 1015 autem
808 992 834 1015 in
855 991 904 1015 hoc
933 998 1026 1023 genere
1050 1000 1094 1016 au-

58 1023 168 1047 dendum
187 1023 294 1053 aliquid:
314 1024 499 1048 terminationes
513 1025 579 1048 enim
590 1032 666 1055 quum
683 1030 788 1053 ceterae,
806 1030 858 1049 tum
874 1026 1021 1057 praesertim
1037 1026 1095 1050 illae

57 1065 71 1082 o
91 1062 113 1081 et
132 1065 170 1081 um
188 1059 338 1089 saepissime
358 1059 382 1082 in
400 1058 440 1081 his
459 1059 531 1082 codd.
549 1064 702 1090 permutatae
722 1065 789 1084 sunt.

128 1092 170 1120 tv,
192 1092 223 1116 ll
243 1091 312 1123 (44),
335 1093 375 1117 ll.
397 1094 439 1124 qui
452 1101 532 1116 nunc
545 1094 626 1117 vincti.
660 1093 743 1126 Vulgo
760 1094 835 1117 multi.
869 1094 899 1117 V.
917 1095 990 1126 epist.
1007 1102 1032 1126 p.
1048 1094 1092 1120 38.

127 1126 169 1151 tv.
192 1127 221 1151 ll
242 1126 313 1157 (4⁴),
336 1125 374 1151 19.
394 1127 435 1150 ubi
452 1128 526 1158 {attur
543 1135 579 1151 me
595 1128 723 1158 affamini?
741 1136 826 1152 numne
840 1128 910 1152 obliti
922 1129 1000 1153 estis?
1010 1137 1095 1160 nempe

58 1161 125 1184 ultr-a
143 1160 288 1190 Euphraten
308 1169 368 1185 sum.
406 1161 474 1190 Quae
492 1162 516 1185 in
535 1162 620 1186 multis
639 1162 713 1186 codd.
733 1167 757 1186 et
779 1166 839 1186 vett.
860 1163 930 1187 editt.
950 1168 1007 1194 post
1027 1164 1094 1194 affa-

57 1195 115 1218 mini
127 1195 326 1226 interponuntur,
341 1203 425 1226 nempe
440 1196 509 1219 obliti
523 1197 591 1226 estis,
609 1201 667 1227 pust
677 1196 788 1220 Modium
805 1197 836 1220 ab
848 1197 987 1222 editoribus
998 1199 1094 1222 omissa

58 1233 124 1252 sunt.
161 1227 212 1253 Sed
232 1230 287 1260 quis
306 1230 456 1262 persuadeat
476 1230 533 1258 sibi,
553 1230 612 1254 talia
630 1238 645 1253 a
665 1231 772 1255 librariis
791 1231 870 1254 addi?
906 1232 1000 1256 Mutat-i
1017 1233 1094 1264 igitur

57 1270 141 1294 nempe
159 1264 184 1287 in
202 1271 287 1288 numne
307 1264 419 1295 nihilque
439 1265 488 1288 iam
511 1272 567 1288 esse
589 1272 692 1293 censeo,
716 1265 784 1296 quod
809 1266 862 1289 iure
887 1266 912 1290 in
937 1266 988 1290 illis
1011 1267 1093 1291 verbis

57 1297 235 1329 reprehendas.
274 1298 325 1322 Cic.
346 1298 374 1322 N.
393 1298 423 1322 D.
446 1300 462 1326 l.
479 1297 522 1324 31.
537 1297 581 1323 88.
608 1299 690 1329 Quid?
707 1301 777 1324 deum
795 1300 873 1330 ipsum
892 1308 977 1325 numne
996 1301 1093 1325 vidisti?

125 1333 167 1361 lv,
189 1332 221 1358 12
241 1332 309 1363 (45).
330 1331 355 1357 7.
388 1333 490 1357 Pedites
506 1334 545 1357 Itis
566 1334 672 1364 plurium
694 1336 799 1366 peritiam
824 1342 873 1359 non
892 1336 1027 1366 inzmtoetos,
1047 1335 1094 1359 sed

55 1374 117 1391 suae
136 1375 246 1399 quasque
266 1369 372 1392 ηαιίοηίε
395 1368 515 1392 iunxerat
532 1370 628 1398 copias.
669 1368 751 1398 Quum
769 1369 950 1396 intellexerim,
972 1371 1094 1394 immixtos

57 1401 159 1426 defendi
177 1409 266 1433 posse,
287 1403 312 1426 id
332 1402 433 1432 quidem
453 1403 556 1429 retinui.
575 1410 621 1434 pro
640 1404 742 1435 quisque
759 1407 843 1427 autem
863 1405 917 1428 sine
937 1405 1092 1428 dubitatione

55 1443 166 1468 quasque
183 1437 282 1468 scripsi.
318 1437 350 1461 Y.
371 1437 444 1468 epist.
465 1444 492 1468 p.
511 1435 555 1461 39.
576 1437 662 1468 Neque
681 1439 747 1462 enim
762 1438 871 1469 Zumptii
888 1439 1023 1470 explicatio
1039 1439 1095 1462 cni-

56 1477 131 1500 quam
155 1470 229 1494 facile
255 1471 414 1503 probabitur.
441 1479 517 1501 quum
542 1472 681 1496 subiectum
705 1473 844 1496 sententiae
869 1477 890 1496 et
911 1473 942 1496 sit
962 1477 985 1496 et
1003 1473 1091 1496 debeat

57 1512 113 1529 esse
131 1505 242 1529 Dareus.

123 1539 167 1568 IV,
179 1538 211 1564 13
221 1539 292 1571 (50).
303 1539 344 1564 28.
365 1544 423 1570 post
438 1548 490 1564 ewa
506 1539 611 1564 Orestae
622 1541 810 1572 Lyncestaeque
823 1544 881 1565 sunt
896 1540 999 1574 [positi]
1020 1541 1092 1573 Sunt,

57 1573 124 1604 quod
134 1574 212 1606 vulgo
223 1575 354 1603 omittitur,
365 1575 391 1598 Z.
409 1583 421 1598 e
434 1575 506 1598 codd.
519 1576 622 1606 recepit.
661 1575 793 1605 Nunquam
805 1579 889 1599 tamen
900 1574 1000 1600 Curtius
1011 1577 1036 1599 in
1048 1577 1091 1599 de-

56 1608 188 1632 scribenda
202 1609 255 1633 acie
272 1612 386 1641 tempore
402 1609 528 1641 praesenti
546 1610 631 1636 utitur,
647 1609 693 1633 sed
705 1614 747 1633 aut
758 1609 868 1641 perfecto
879 1614 921 1633 aut
932 1610 1090 1642 imperfecto.

56 1642 143 1667 Positi.
161 1644 229 1673 qnod
243 1643 332 1668 adieci.
351 1644 382 1667 ob
393 1651 500 1674 sequens
512 1648 570 1674 post
587 1644 660 1667 facile
676 1644 756 1668 omitti
772 1651 785 1668 a
806 1644 907 1668 librario
929 1645 1020 1676 potuit.

122 1677 163 1701 lV.
183 1676 217 1702 13
236 1678 305 1709 (50),
325 1676 368 1702 28.
387 1678 470 1702 Huius
488 1679 579 1709 ayminz'
591 1679 723 1709 prox-imus
737 1678 858 1710 Amyntas
871 1682 942 1703 erat:
961 1678 1092 1710 Philippus

59 1710 162 1734 Balacri
176 1711 338 1743 Stymphaeos
351 1713 463 1743 regebat.
483 1714 506 1736 t'n
522 1713 661 1737 societatem
676 1720 755 1743 nuper
769 1715 870 1738 ascitos.
907 1713 992 1746 Vulgo
1008 1715 1090 1745 priora
