1215 1905
129 104 188 134 5268
471 105 504 139 Q.
528 104 684 133 CURTII
705 105 813 134 RUFI

129 179 208 215 Quot
222 179 270 207 ille
286 183 346 207 tum
362 178 490 208 extinxit
505 179 604 208 faces!
628 183 702 215 quot
717 179 852 209 condidit
866 181 999 216 gladios!
1017 190 1109 218 quan·
1122 187 1139 212 5

128 225 188 250 tam
214 224 423 256 tempestatem
444 220 544 250 subita
566 220 728 250 serenitate
749 220 908 251 discussit!
950 222 1016 251 Non
1038 231 1110 260 ergo

128 260 285 290 revirescit
300 262 413 296 solum,
430 261 487 290 sed
501 261 590 290 etiam
605 261 693 290 floret
708 262 875 299 imperium.
917 262 1006 292 Absit
1020 264 1109 293 modo
1122 268 1138 294 6
1176 274 1177 278 ¹

128 302 254 336 invidia,
283 302 415 339 excipiet
436 302 525 332 huius
548 302 662 332 saeculi
684 307 820 340 tempora
842 303 979 333 eiusdem
1001 305 1110 334 domus

127 343 239 373 utinam
255 348 417 380 perpetua,
440 348 520 374 certe
536 344 676 373 diuturna
691 344 862 381 posteritas.
905 345 1057 381 Ceterum,
1079 350 1137 377 ut7

128 385 166 414 ad
193 384 342 420 ordinem,
369 394 387 413 a
412 394 472 422 quo
494 394 542 414 me
563 386 777 422 contemplatio
799 386 939 423 publicae
961 386 1109 416 felicitatis

127 430 291 461 averterat,
313 427 450 461 redeam,
473 427 618 456 Perdicca
632 427 750 456 unIcam
766 436 852 464 spem
868 427 973 457 salutis
989 436 1064 457 suae
1079 427 1109 457 in

126 467 269 503 Meleagri
284 472 380 497 morte
396 468 583 505 deponebat:
608 477 716 498 vanum
732 469 860 497 eundem
875 473 905 498 et
919 468 1045 498 infidum
1060 477 1107 498 ce-

128 509 288 545 leriterque
309 517 358 538 res
375 514 554 539 novaturum
575 514 605 539 et
626 509 683 539 sibi
705 509 835 539 maxime
856 509 997 539 infestum
1019 518 1108 539 occu-

128 551 260 587 pandum
276 559 356 580 esse.
400 551 461 580 Sed
476 552 536 580 alta
551 550 791 580 dissimulatione
812 551 970 581 consilium
992 559 1108 588 preme·
1121 556 1137 581 8

126 592 191 627 bat,
209 596 240 621 ut
256 592 439 629 opprimeret
453 592 615 622 incautum.
654 593 733 629 Ergo
750 593 825 621 clam
840 593 988 629 quosdam
1004 601 1043 622 ex
1058 601 1107 622 co-

127 633 194 670 piis,
212 633 321 670 quibus
337 638 483 670 praeerat,
501 633 686 669 subornavit,
704 638 744 668 ut,
763 634 850 670 quasi
865 634 1016 670 ignoraret
1030 633 1106 671 ipse,

127 679 386 711 conquererentur
400 676 508 711 palam,
529 675 712 712 Meleagrum
727 680 889 712 aequatum
903 683 973 704 esse
988 675 1106 704 Perdic-

127 724 190 745 cae.
234 716 365 752 Quorum
386 725 526 746 sermone
540 717 692 753 Meleager
713 717 753 746 ad
774 725 807 746 se
824 717 918 746 relato
942 718 1044 746 furens
1064 716 1136 746 ira9

127 757 296 793 Perdiccae,
313 766 391 795 quae
407 758 615 795 comperisset,
633 757 766 795 exponit.
809 759 870 794 Ille,
883 759 966 787 velut
980 766 1060 787 nova
1073 765 1106 786 re

127 799 300 835 exterritus,
323 800 478 836 admirari,
496 800 581 836 queri
597 799 789 836 dolentisque
804 799 938 836 speciem
954 802 1106 829 ostentare

126 841 153 870 ei
169 841 285 877 coepit:
302 842 340 870 ad
355 841 489 871 ultimum
501 842 650 875 convenit,
666 846 696 870 ut
708 841 1035 877 comprehenderentur
1047 844 1105 869 tam

126 882 291 911 seditiosae
305 883 391 912 vocis
406 887 556 912 auctores.
600 882 671 919 Agit
690 883 841 918 Meleager
861 881 972 918 gratias
994 882 1106 918 ample-
1116 885 1148 909 10

126 932 246 960 xusque
261 924 433 953 Perdiccam
450 925 541 953 fidem
562 924 628 953 eius
650 923 679 952 in
696 932 729 952 se
745 931 779 952 ac
795 922 1029 952 benivolentiam
1044 922 1104 952 col-

127 965 235 994 laudat.
277 966 350 994 Tum
366 965 516 994 communi
532 964 659 994 consilio
675 964 820 993 rationem
842 963 1032 1000 opprimendi
1053 968 1145 993 no-ll

126 1006 194 1035 xios
215 1006 326 1036 ineunt.
370 1006 483 1041 Placet,
507 1006 672 1035 exercitum
693 1005 789 1042 patrio
811 1013 894 1034 more
915 1004 1048 1034 lustrari:
1077 1008 1106 1033 et

127 1047 290 1084 probabilis
307 1056 400 1077 causa
415 1048 574 1077 videbatur
587 1046 748 1084 praeterita
764 1045 925 1076 discordia.
966 1045 1147 1075 Macedo-12

126 1097 196 1118 num
212 1097 298 1126 reges
315 1089 355 1118 ita
371 1090 497 1118 lustrare
514 1088 593 1119 soliti
609 1092 694 1118 erant
708 1087 825 1123 milites,
843 1091 875 1117 ut
890 1086 1040 1116 discissae
1056 1095 1104 1116 ca-

125 1130 171 1159 nis
187 1130 306 1160 viscera
322 1130 423 1160 ultimo
439 1131 468 1159 in
485 1138 608 1167 campo,
623 1129 653 1158 in
669 1138 758 1166 quem
774 1129 976 1158 deduceretur
990 1127 1105 1157 exerci-

126 1176 187 1206 tus,
211 1172 248 1201 ab
264 1176 391 1208 utraque
407 1171 571 1201 abiicerent
585 1175 684 1208 parte,
707 1170 782 1200 intra
804 1169 834 1199 id
855 1169 984 1206 spatium
999 1168 1105 1199 armati

125 1221 231 1242 omnes
247 1217 369 1248 starent,
385 1213 455 1242 hinc
470 1213 597 1249 equites,
613 1212 693 1241 illinc
705 1212 845 1249 phalanx.

207 1254 273 1289 (29)
297 1255 401 1291 Itaque
424 1263 460 1284 eo
483 1254 546 1289 die,
575 1262 664 1290 quem
679 1252 748 1282 huic
764 1261 852 1282 sacro
869 1251 1103 1286 destinaverant,
1116 1255 1147 1280 13

123 1304 179 1324 rex
194 1304 262 1324 cum
277 1295 429 1332 equitibus
452 1295 684 1332 elephantisque
705 1294 880 1324 constiterat
901 1297 1005 1323 contra
1019 1291 1104 1329 pedi-

125 1341 179 1373 tes,
196 1336 264 1373 quis
279 1336 430 1374 Meleager
445 1341 591 1373 praeerat.
634 1336 696 1365 lam
711 1339 853 1372 equestre
874 1342 981 1371 agmen
1004 1341 1105 1363 move·
1115 1337 1147 1362 14

123 1378 218 1412 batur,
236 1382 265 1407 et
280 1378 398 1414 pedites
415 1377 513 1408 subita
529 1377 688 1406 formidine
704 1377 742 1406 ob
755 1380 906 1406 recentem
920 1374 1105 1405 discordiam

124 1420 204 1449 haud
219 1427 293 1448 sane
309 1419 408 1455 pacati
424 1419 587 1456 quicquam
608 1423 805 1455 expectantes
827 1425 990 1454 parumper
1009 1416 1103 1445 addu-

123 1460 272 1495 bstavere,
297 1469 334 1489 an
361 1460 390 1489 in
412 1461 516 1490 urbem
541 1460 744 1489 subducerent
767 1458 888 1495 copias:
919 1457 1032 1495 quippe
1048 1465 1104 1494 pro

125 1502 276 1538 equitibus
292 1501 432 1538 planities
453 1506 525 1531 erat.
569 1502 706 1530 Ceterum
721 1500 822 1536 veriti,
843 1508 881 1529 ne
896 1503 1008 1528 temere
1024 1506 1104 1528 com-
1115 1503 1145 1527 15

123 1543 289 1573 militonum
304 1544 396 1572 fidem
411 1544 595 1577 damnarent,
619 1542 788 1578 substitere,
803 1539 991 1578 praeparatis
1006 1540 1045 1569 ad
1061 1539 1104 1568 di-

123 1585 295 1614 micandum
310 1584 433 1619 animis,
457 1584 483 1614 si
497 1584 565 1621 quis
582 1584 641 1613 vim
656 1583 787 1613 inferret.
830 1583 893 1612 lam
907 1580 1026 1618 agmina
1041 1579 1103 1610 coi-

123 1625 208 1661 bant,
231 1634 421 1663 parvumque
437 1626 627 1655 intervallum
643 1629 720 1660 erat,
738 1624 821 1661 quod
836 1623 931 1653 aciem
946 1626 1103 1658 utramque

123 1666 280 1696 divideret.
321 1668 426 1704 Itaque
447 1675 502 1697 rex
523 1675 591 1696 cum
611 1675 672 1696 una
693 1667 741 1695 ala
762 1664 937 1701 obequitare
952 1662 1145 1700 peditibus16

124 1709 233 1746 coepit,
251 1709 423 1738 discordiae
438 1712 579 1738 auctores
595 1724 632 1729 —
652 1716 730 1744 quos
745 1706 821 1736 tueri
836 1706 903 1743 ipse
918 1705 1048 1734 debebat
1061 1719 1102 1726 --
