1210 1895
366 380 763 428 PRAEFATNJ,

55 509 96 550 De
115 526 201 550 ‹ritica
219 528 242 550 iu
262 525 418 550 emendando
441 525 551 550 Curtio
572 526 713 550 exercenda
735 533 798 556 quae
819 533 875 550 mea
899 528 932 550 sit
951 527 1088 555 sententia,

56 561 116 584 satis
135 567 150 584 a
169 567 208 584 me
229 561 253 584 in
272 559 380 592 epistola
399 560 433 584 ad
451 560 573 585 lulium
598 560 812 585 Mritzellinm
836 561 909 589 data,
936 560 1087 592 Altenburgi

55 602 78 619 a.
101 593 166 620 1845
182 595 258 623 edita,
274 594 429 618 declaratum
443 595 561 619 arbitror.
598 594 676 624 Quam
693 602 753 619 vero
766 594 823 619 aliis
839 595 991 627 praescripsi
1010 595 1086 623 viam,

56 630 160 653 eandem
179 633 285 660 apparet
309 629 384 653 etiam
406 629 467 653 milti
492 630 516 653 in
539 629 636 653 edendo
662 636 738 661 opere
759 628 877 654 Curtiano
903 629 983 654 fuisse
1001 629 1086 661 ingre-

56 663 183 688 diendum.
226 663 264 687 Ex
286 671 336 694 quo
362 668 447 687 autem
471 663 604 694 epistolam
634 663 702 688 illam
725 664 836 696 scripsi,
857 671 923 688 nova
944 663 1087 695 Zumptti

56 698 133 722 editio
152 697 262 729 prodiit,
285 702 310 723 et
338 697 494 722 florentinae
519 698 686 722 bibliothecae
712 698 801 730 copiae
826 704 872 730 per
897 698 987 730 viginti
1007 705 1087 722 annos

56 739 159 764 pressae
180 731 280 755 tandem
304 739 361 756 cum
382 732 444 756 viris
464 732 545 756 doctis
566 733 763 757 communicatae
779 736 847 756 sunt.
885 731 996 761 Quarum
1012 739 1087 756 accu-

56 766 147 790 ratiore
171 766 315 798 cognitione
333 770 430 790 tantum
449 766 519 790 abest
539 771 566 790 ut
584 766 615 790 de
640 774 686 796 ea,
708 767 734 790 iu
753 773 803 797 qua
823 765 885 791 olim
905 766 955 795 rui,
975 766 1087 791 deiectus

57 801 104 824 sim
123 800 257 829 sententia,
279 805 306 824 ut
326 799 423 824 firmius
442 801 518 824 etiam
539 801 564 825 in
583 801 671 825 eadem
691 804 811 833 perstem.

125 835 209 865 Itaque
229 835 329 859 codices
347 835 506 863 Leidensem,
526 835 678 859 Vossianum
700 835 721 865 1,
743 835 893 860 Beruensem
914 836 946 864 Α,
965 835 1086 860 Florenti-

57 876 102 893 nos
123 870 143 892 A
164 873 188 893 et
206 869 234 898 B,
255 869 298 900 qui
317 869 405 901 optimi
425 869 506 894 solent
522 870 616 898 vocari,
635 876 755 900 quantum
771 870 872 901 quidem
889 874 942 894 tum
955 877 1001 902 per
1017 870 1086 902 ipso-

57 910 111 927 rum
129 904 267 933 rationem,
291 908 343 928 tum
364 911 409 936 per
434 903 535 928 dicendi
558 911 639 936 genus
664 903 742 929 Curtii
768 903 874 933 licebat,
896 908 998 928 secutus
1019 911 1085 928 eum.

58 937 156 961 Etenim
174 937 253 961 Curtii
272 938 363 965 oratio,
381 943 535 969 quamquam
552 938 646 966 limata,
666 943 786 968 venusta,
808 938 908 963 subtilis
929 943 1004 969 atque
1022 939 1086 963 adeo

58 979 125 996 more
143 970 213 995 illius
233 973 323 997 aetatis
343 972 464 997 distincta
481 972 607 997 interdum
627 977 666 997 est
684 973 793 1006 poeticis
815 973 906 1001 verbis,
924 973 1030 1005 propius
1048 977 1087 997 ta-

58 1013 113 1030 men
139 1005 235 1031 accedit
256 1006 290 1030 ad
309 1013 469 1031 communem
488 1007 545 1039 puri
564 1007 689 1032 sermonis
707 1007 931 1035 consuetudinem,
950 1014 1030 1038 aeque
1048 1015 1087 1031 re-

58 1044 124 1064 mota
145 1040 188 1064 illa
209 1047 224 1064 a
243 1039 308 1064 laeto
329 1042 442 1065 ubertate
462 1040 603 1070 Ciceronis,
628 1046 702 1073 atque
732 1042 763 1066 ab
783 1046 884 1066 austera
904 1042 985 1066 Taciti
1004 1042 1087 1066 brevi-

57 1079 115 1098 tate.
135 1074 227 1099 Multae
244 1075 320 1106 igitur
335 1076 450 1099 codicum
466 1075 505 1099 vel
521 1075 633 1100 omnium
648 1076 688 1100 vel
709 1076 863 1108 optimorum
877 1076 1007 1105 lectiones,
1023 1084 1087 1107 quae

57 1108 125 1140 apud
148 1108 262 1132 Tacitum
286 1108 347 1133 ferri
374 1114 492 1141 possent,
521 1110 590 1141 apud
613 1109 726 1134 Curtium
752 1110 904 1135 reficiendae
929 1114 987 1135 sunt
1011 1116 1087 1141 atque

56 1142 237 1167 emendandae.
275 1142 378 1167 Codices
395 1148 478 1168 autem
495 1143 607 1168 Curtiani
621 1152 717 1173 omnes,
734 1152 765 1169 ne
784 1152 835 1169 uno
852 1145 956 1175 quidem
971 1149 1087 1176 excepto,

56 1177 239 1209 corruptissimi
258 1183 325 1200 sunt.
364 1178 390 1201 ln
409 1178 448 1206 iis,
467 1178 510 1208 qui
527 1178 616 1209 optimi
631 1183 655 1202 et
671 1183 729 1203 sunt
745 1182 770 1203 et
784 1178 917 1208 habentur,
932 1186 996 1210 quos
1010 1186 1087 1211 supra

58 1211 199 1239 nominavi,
219 1211 308 1235 melior
331 1211 445 1243 profecto
467 1217 504 1235 est
523 1219 598 1242 qnam
621 1212 646 1236 in
665 1213 755 1237 ceteris
782 1213 931 1245 plerumque
953 1213 1086 1238 collocatio

58 1245 198 1270 verborum.
237 1245 315 1269 Multa
332 1245 369 1270 illi
390 1250 521 1277 praeterea
537 1246 664 1271 continent
683 1248 782 1280 integra
803 1252 828 1272 et
848 1248 999 1279 incorrupta,
1021 1255 1086 1278 quae

57 1280 82 1303 in
101 1279 266 1304 deterioribus
285 1280 325 1303 vel
345 1280 461 1304 omnibus
482 1280 522 1304 vel
543 1280 672 1312 plerisque
688 1281 789 1306 foedata
807 1287 866 1306 sunt
883 1282 990 1306 mendis.
1022 1282 1086 1306 Con-

57 1318 93 1337 tra
113 1313 138 1337 in
157 1314 288 1338 verborum
311 1314 528 1338 terminationibus
548 1318 599 1339 tam
619 1316 704 1340 vitiosi
730 1320 754 1341 et
779 1317 890 1348 corrupti
916 1323 1002 1341 omnes
1019 1321 1086 1346 sunt,

56 1352 83 1372 ut
102 1355 152 1372 non
172 1347 244 1372 liceat
264 1348 356 1372 nimiae
376 1348 497 1372 audaciae
517 1356 575 1372 eum
593 1357 714 1382 arguere.
743 1351 785 1381 qui
804 1351 830 1374 in
851 1351 899 1375 hoo
921 1358 1013 1383 genere
1032 1355 1087 1375 tan-

57 1388 108 1407 tum
127 1383 176 1406 sibi
193 1387 283 1411 sumat,
312 1387 339 1406 ut
358 1383 406 1407 tevi
424 1387 550 1407 extremae
569 1384 680 1415 syllabae
700 1384 828 1409 litteraeve
847 1386 985 1409 mutatione
1013 1385 1086 1409 indu-

57 1420 103 1445 cat,
122 1417 191 1447 quod
209 1416 249 1441 vel
269 1416 347 1442 Curtii
367 1417 474 1441 orationi
493 1419 708 1443 accommodatius
729 1419 767 1443 vel
784 1420 835 1443 alia
852 1420 883 1443 de
899 1427 976 1443 causa
994 1419 1086 1444 melius

55 1451 88 1474 sit
106 1450 212 1475 lectione
231 1451 356 1476 codicum.
401 1451 493 1475 Omnes
512 1452 604 1477 deinde
624 1461 673 1477 uno
693 1461 774 1484 eoque
794 1454 942 1478 foedissimo
961 1461 1086 1486 occupan-

56 1490 94 1508 tur
114 1485 189 1509 vitio:
212 1484 335 1516 plurimas
349 1485 442 1510 habeut
462 1485 574 1511 lacunas.
614 1487 675 1511 Tam
694 1487 838 1518 frequentes
858 1493 959 1519 tamque
978 1495 1086 1519 magnae

55 1519 111 1543 illae
130 1519 155 1543 in
177 1519 279 1551 optimis
300 1520 429 1544 codicibus
449 1523 522 1549 sunt,
542 1525 584 1549 ut,
604 1522 646 1551 qui
667 1521 735 1545 solos
755 1521 811 1546 illos
833 1523 905 1552 sequi
924 1521 1000 1546 vellet
1025 1523 1086 1547 Cur-

55 1554 114 1578 tiani
136 1553 194 1578 libri
212 1554 306 1583 editor,
325 1554 424 1578 reiectis
447 1553 552 1578 aliorum
570 1554 729 1583 lectionibus,
751 1557 801 1580 risu
824 1556 989 1588 dignissimus
1007 1561 1084 1581 esset.

55 1588 138 1619 Itaque
157 1596 234 1620 quum
253 1589 331 1613 semel
351 1589 505 1613 deteriorum
525 1589 644 1613 librorum
664 1590 782 1614 lectiones
796 1591 1029 1616 innumerabilibus
1048 1591 1084 1616 lo-

54 1622 91 1646 cis
113 1623 190 1654 recipi
211 1622 327 1652 debeant,
353 1626 385 1651 et,
403 1623 453 1647 nisi
472 1628 611 1647 monstrum
631 1624 688 1648 libri
710 1630 842 1656 procreare
860 1625 977 1652 velimus.
999 1633 1084 1650 carere

55 1657 84 1680 iis
108 1656 181 1688 plane
201 1664 250 1681 non
270 1658 407 1689 possimus.
428 1664 459 1681 ue
479 1664 545 1682 nunc
560 1658 662 1688 quidem
678 1659 748 1690 potui
764 1659 825 1683 mihi
842 1660 1005 1691 pet-suadere,
1019 1667 1084 1691 quae

55 1691 77 1714 in
102 1692 157 1715 uuis
186 1691 316 1716 codicibus
344 1692 429 1716 minus
447 1691 521 1715 bonis
542 1692 715 1721 inveniuntur,
737 1701 767 1718 ea
789 1694 889 1720 omnia,
920 1694 967 1718 uisi
987 1695 1020 1719 ad
1039 1701 1084 1718 ex-

841 1734 880 1762 a*
