1215 1905
191 95 262 124 LIB.
277 95 313 124 X.
331 94 411 123 CAP.
427 95 462 130 11,
481 94 649 125 12—CAP.
665 94 713 129 ku,
730 97 753 123 1.
777 103 815 130 [x.
832 104 903 125 ει-ιι.
919 103 958 129 z.]
1027 91 1087 123 251

98 171 270 206 senescatis,
292 171 428 206 quoniam
446 169 571 205 facilius
585 172 629 198 est
642 169 731 203 vobis,
753 169 909 197 adversam
929 175 1018 204 quam
1038 175 1089 196 se-

57 213 227 243 2scundam
241 220 345 248 reqere
355 211 519 247 fortunam.
559 210 606 239 En
626 209 764 239 tandem!
805 210 978 246 Illyriorum
996 210 1089 246 paulo

99 258 167 283 ante
180 258 209 283 et
221 253 382 282 Persarum
396 253 560 282 tributariis
575 253 646 281 Astu
667 255 695 281 et
714 255 753 280 tot
769 253 900 288 gentium
920 252 1016 288 spolia
1028 250 1087 286 fa-

99 296 185 325 stidio
198 298 274 324 sunt.
314 295 403 324 Modo
417 295 469 324 sub
483 294 620 331 Philippo
640 293 799 322 seminudis
813 294 943 322 amicula
957 301 996 322 ex
1006 301 1088 329 pur—

93 345 178 374 pura
192 338 319 372 sordent,
342 344 448 365 aurum
462 340 490 365 et
503 339 656 371 arpentum
671 336 749 364 oculi
766 335 853 371 ferre
873 342 932 364 non
951 337 1073 371 possunt
1079 344 1088 362 .-

99 380 198 415 liynea
211 380 288 408 enim
303 386 374 407 vasa
390 378 560 407 desiderant
573 381 602 406 et
614 385 653 406 ea:
667 377 797 406 cratibus
811 381 893 406 scuta
905 376 1088 412 rubiyinem-

56 425 153 458 mque
165 421 343 457 yladiorum.
382 420 446 449 Hoc
459 421 539 448 cultu
553 420 673 448 nitentes
688 426 736 448 vos
750 420 866 455 accepi,
888 421 916 447 et
929 419 1088 454 quinqenta

99 464 210 491 talenta
230 464 310 491 aeris
331 463 435 497 alieni,
460 469 547 498 quum
567 462 660 489 omnis
676 462 761 496 reyia
775 461 909 497 supellex
923 460 1007 488 haud
1019 467 1088 487 am-

95 506 176 541 ptius
189 512 277 540 quam
289 505 445 540 seoeayinta
459 504 633 532 talentorum
646 506 727 537 esset,
739 510 867 531 meorum
878 509 999 538 operum
1007 501 1087 536 sun-

97 546 254 575 damenta:
274 546 376 582 quibus
390 549 486 574 tamon
502 561 541 566 —
557 545 631 573 absit
651 542 782 573 invidia!
795 559 836 563 —
851 544 1004 580 imperium
1018 550 1087 570 ma-

56 589 198 618 25ximae
222 591 370 616 terrarum
392 588 490 624 partis
515 587 647 623 imposui.
696 586 821 614 Asiaene
844 590 1012 621 pertaesum
1037 587 1086 619 est,

97 637 174 666 quae
197 637 246 658 vos
258 630 357 664 ⁸oloria
371 637 470 658 rerum
483 632 633 664 yesturum
648 628 706 656 diis
718 635 809 664 pares
820 627 896 662 fecit
904 625 919 655 P
959 626 998 655 In
1018 625 1083 654 Eu-

97 679 201 708 ropam
216 672 260 700 ire
271 672 454 707 properatis,
477 678 546 706 reye
561 670 689 704 deserto,
712 677 800 705 quum
811 669 948 706 pluribus
963 672 1086 697 vestrum

98 713 270 748 defuturum
286 714 420 742 viatimtm
433 713 543 748 fuerit,
564 713 597 740 ni
616 720 666 740 aes
680 713 808 740 alienum
828 712 960 745 luissent,
984 717 1088 746 nempe

54 757 90 784 26
97 755 127 783 in
143 755 273 784 Asiatica
285 755 412 791 praeda.
447 754 508 783 Nec
518 754 613 790 pudet
621 753 777 790 profundo
792 756 891 782 ventre
906 753 1087 781 deuictarum

95 798 224 832 qentium
241 798 337 832 spolia
351 796 592 830 circumferentes
612 796 722 823 reverti
740 796 812 824 velle
833 795 876 823 ad
893 794 998 823 liberos
1012 801 1084 823 cona

96 838 247 873 amesque,
271 838 374 873 quibus
386 839 479 873 pauci
485 838 624 872 praemia
641 837 778 865 victoriae
791 837 909 873 potestis
926 836 1086 864 ostendere.

96 879 173 908 Nam
186 883 363 912 ceterorum,
386 879 459 909 dum
471 879 557 907 etiam
571 879 636 914 spei
648 881 761 907 uestrae
775 878 887 907 obviam
902 879 977 912 istis,
1000 884 1087 905 arma

55 923 208 957 mquoque
226 922 350 956 piynori
369 924 444 949 sunt.
486 920 580 949 Bonis
600 927 667 949 vero
687 920 824 948 militibus
843 920 994 948 cariturus
1013 926 1086 953 sum,

95 963 232 999 pellicum
256 970 378 990 suarum
403 962 586 990 concubinis.-
613 962 716 997 quibus
742 961 796 990 hoc
820 963 911 990 sotum
935 969 975 989 ex
999 961 1088 988 tantis

96 1004 198 1040 opibus
212 1007 357 1040 superest,
379 1004 409 1031 in
429 1004 508 1039 quod
527 1003 713 1039 impenditur.
757 1003 888 1032 Proinde
904 1002 1088 1038 fuyientibus

97 1054 142 1074 me
154 1048 278 1082 pateant
291 1046 410 1074 limites:
428 1045 569 1080 facessite
583 1045 652 1073 hinc
665 1046 754 1079 ocius,
770 1052 823 1080 eqo
836 1052 902 1073 cum
916 1044 1016 1072 Persis
1029 1044 1075 1072 ab·

97 1088 224 1116 euntium
239 1090 323 1122 tet-qa
338 1087 460 1116 tutabor.
482 1086 631 1115 Neminem
646 1090 743 1115 teneo:
757 1087 879 1115 liberate
893 1087 990 1115 oeulos
1001 1092 1086 1120 meos,

54 1130 290 1165 minoratissimi
314 1130 399 1158 cives.
440 1128 526 1157 Laeti
547 1136 594 1157 vos
614 1129 763 1164 excipient
784 1131 926 1164 parentes
946 1127 1088 1163 liberique

96 1172 160 1200 sine
174 1174 267 1200 vestro
281 1178 350 1206 reqe
364 1170 535 1199 redeuntes:
549 1170 659 1199 obviam
674 1170 756 1199 ibunt
770 1169 969 1199 desertoribus
982 1172 1088 1198 trans-

53 1212 243 1248 wfumsque.
290 1211 487 1248 Triumplzaho
501 1212 666 1241 mehercule
680 1211 717 1241 de
734 1211 814 1248 fuya
835 1215 931 1240 vestra
950 1214 992 1245 ei,
1018 1211 1087 1240 ubi-

95 1262 211 1290 cumque
234 1261 300 1288 ero,
331 1257 468 1290 expetam
485 1261 599 1290 poenas
625 1253 691 1288 hos,
715 1261 781 1283 cum
802 1253 906 1289 quibus
925 1261 971 1281 me
990 1254 1087 1281 relin-

96 1297 198 1332 quitis,
223 1295 344 1324 colendo
365 1295 628 1332 praeferendoque
650 1295 735 1324 vobis.
777 1295 844 1324 Iam
864 1299 961 1323 autem
981 1295 1087 1331 scietis,

95 1341 124 1366 et
146 1341 287 1373 Quantum
312 1339 375 1366 sine
394 1346 464 1373 reye
485 1338 581 1366 valeat
600 1338 747 1366 exercitus
765 1340 794 1366 et
813 1337 886 1373 quid
906 1337 970 1372 opis
990 1338 1020 1365 in
1042 1344 1088 1366 me

96 1387 154 1407 uno
174 1380 220 1407 sit.

52 1422 89 1451 ³0
172 1419 241 1456 (11)
268 1419 396 1449 Desiluit
417 1418 528 1449 deinde
550 1419 695 1449 frendens
716 1420 755 1449 de
776 1418 916 1449 tribunali
934 1418 1009 1448 etin
1024 1427 1086 1448 me-

96 1461 178 1491 dium
194 1466 378 1491 armatorum
394 1469 503 1498 agmen
518 1469 553 1490 se
567 1461 704 1497 immisit,
730 1465 853 1491 notatos
870 1469 1009 1497 quoque,
1034 1459 1087 1497 qui

96 1502 288 1533 ferocissime
313 1503 447 1533 oblocuti
474 1507 575 1539 erant,
601 1502 740 1540 singulos
762 1511 853 1532 manu
868 1501 1014 1539 corripuit
1029 1510 1086 1532 neo

95 1552 190 1575 ausos
204 1553 375 1582 repugnare
392 1544 536 1575 tredecim
551 1545 760 1575 asservandos
780 1544 959 1574 custodibus
975 1551 1085 1582 corpo-

95 1586 137 1616 ris
154 1585 284 1617 tradidit„

484 1653 578 1682 CAP.
602 1653 650 1682 111.

66 1717 80 1741 ι
177 1711 250 1748 Quis
273 1713 426 1749 crederet,
448 1721 572 1742 saevam
593 1713 685 1749 paulo
702 1716 771 1742 ante
787 1711 967 1742 concionem
983 1712 1073 1742 obtor
