1215 1905
200 115 273 144 LIB.
288 114 354 143 Vll.
379 113 460 143 CAP.
480 114 514 149 ll,
532 117 652 143 14—35.
672 123 730 149 [νη
749 123 820 146 τ-ιο,
843 123 883 149 z.]
999 111 1058 143 147

64 193 168 223 nonem
180 195 274 229 parat
288 191 318 219 in
333 190 520 220 Arachosios.
544 190 701 219 Strenuum
712 190 856 219 hominem
866 193 895 219 et
907 197 1059 226 nimquam

65 231 243 264 cessantem!
263 232 324 262 Sed
336 236 456 269 tempus,
471 233 563 261 saluti
572 240 657 267 suae,
678 235 761 261 tanta
776 233 835 260 iam
845 235 937 269 parta
949 232 1059 267 moria,

24 279 197 314 mpura-ere.
229 275 363 304 Alteram
379 273 491 302 deinde
507 273 683 310 epistolam,
699 273 832 302 Philotae
848 272 970 303 nomine
985 273 1058 302 seri-

66 322 164 356 ptam,
181 318 278 347 laetus
289 339 296 352 ,
312 315 395 353 quod
407 323 444 344 ex
462 316 546 344 vultu
562 315 660 344 notari
677 319 811 351 poterat,
833 315 962 352 legebat.
985 314 1059 344 Tum

65 360 145 389 latus
166 359 232 389 eius
254 357 354 395 gladio
379 357 478 387 haurit
500 357 663 392 Cleander,
688 357 800 386 deinde
823 357 958 394 iugulum
976 356 1058 385 ferit:

67 400 160 431 ceteri
175 400 347 430 exanimum
364 408 489 436 quoque
502 398 691 428 confodiunt.

24 448 59 474 28
138 442 184 479 (9)
214 443 252 472 Et
275 441 432 479 armigeri,
457 441 510 478 qui
531 441 571 470 ad
592 440 705 470 aditum
732 441 865 470 nemoris
891 440 1059 476 astiterant,

67 485 190 522 cognita
204 484 313 519 caede,
336 483 423 513 cuius
440 491 535 513 causa
557 483 766 520 ignorabatur,
789 482 818 511 in
835 488 935 513 castra
950 491 1058 520 perve-

25 530 58 557 29
66 527 152 556 niunt
167 531 196 556 et
211 527 396 556 tumultuoso
414 526 518 555 nuntio
534 525 644 554 milites
658 525 820 554 concitant.
844 525 889 553 llli
902 525 1007 554 armati
1020 525 1058 553 ad

66 577 184 604 nemus,
199 569 228 598 in
246 576 306 605 quo
323 571 497 605 perpetrata
512 568 625 596 caedes
641 571 720 600 erat,
737 568 848 596 coeunt
863 571 908 601 et,
923 566 955 595 ni
969 566 1058 603 Poly-

66 610 172 640 damas
189 610 344 647 ceterique
361 610 496 639 eiusdem
513 617 613 638 noxae
630 608 796 646 participes
809 608 977 643 dedantur,
994 617 1057 637 mu-

66 661 132 682 rum
154 652 372 682 circumdatum
394 651 511 681 nemori
533 659 698 680 eversuros
715 650 893 680 denuntiant
909 650 1057 680 omnium-

25 698 126 731 30que
142 694 291 731 sanguine
305 693 374 723 duci
386 697 610 731 parentaturos.
628 693 776 722 Cleander
788 693 940 729 primores
953 700 1058 722 eorum

66 736 221 766 intromitti
248 736 330 766 iubet
352 736 529 772 litterasque
549 735 631 772 regis
652 735 784 771 scriptas
801 735 840 764 ad
855 734 965 764 milites
981 733 1058 763 reci-

65 782 121 813 tat,
146 778 257 814 quibus
274 777 403 806 insidiae
418 777 624 806 Parmenionis
647 777 676 806 in
692 785 794 813 regem
817 785 1005 813 precesque,
1028 780 1057 806 ut

25 823 56 850 31
65 819 166 857 ipsum
182 819 381 854 vindicarent,
398 819 638 848 continebantur.
663 818 757 855 Igitur
769 818 890 855 cognita
906 818 988 855 regis
1004 826 1057 847 vo-

67 863 180 892 luntate
202 870 263 892 non
288 861 409 898 quidem
432 860 617 897 indignatio,
643 860 698 889 sed
722 864 820 889 tamen
843 859 953 889 seditio
976 868 1058 890 com-

67 912 174 941 pressa
195 907 250 933 est.
294 902 428 939 Dilapsis
450 902 604 939 pluribus,
632 901 722 939 pauci
748 906 977 937 remanserunt,
995 901 1056 938 qui,

66 946 173 975 saltem
185 950 217 975 ut
227 953 339 982 corpus
355 944 453 981 ipsius
466 944 598 982 sepelire
612 943 828 981 permitterent,
842 944 1056 980 precabantur.

25 987 122 1018 32Diu
137 987 167 1016 id
183 991 325 1024 negatum
347 991 407 1021 est,
431 986 570 1016 Cleandri
586 990 681 1022 metu,
703 994 741 1015 ne
758 985 929 1015 offenderet
943 993 1056 1023 regem.

65 1028 252 1058 Pertinacius
268 1028 378 1058 deinde
394 1028 606 1065 precantibus,
628 1027 784 1058 materiem
800 1027 1057 1057 consternationis

66 1071 302 1100 subtrahendam
318 1075 411 1105 ratus,
428 1070 527 1107 capite
543 1069 665 1105 deciso,
688 1074 825 1099 truncum
846 1070 972 1099 humare
990 1078 1044 1106 per

25 1112 154 1143 33misit.
177 1113 226 1142 Ad
241 1121 344 1149 regem
361 1117 452 1149 caput
467 1112 594 1141 missum
611 1116 667 1141 est.

148 1154 203 1184 Hic
230 1154 330 1184 exitus
351 1154 557 1184 Parmenionis
580 1154 649 1189 suit,
676 1152 799 1183 militiae
816 1154 961 1191 domique
985 1154 1056 1182 clari

67 1196 132 1225 viri
155 1196 250 1226 Multa
265 1197 330 1226 sine
346 1205 418 1232 rege
438 1204 599 1233 prospere,
615 1204 670 1225 rex
687 1195 753 1225 sine
769 1194 820 1225 illo
838 1195 910 1224 nihil
927 1203 1057 1232 magnae

65 1238 108 1268 rei
123 1243 272 1275 gesserat.
313 1238 504 1268 Felicissimo
526 1238 590 1275 regi
609 1242 638 1267 et
655 1236 755 1267 omnia
771 1237 810 1266 ad
827 1238 966 1267 fortunae
981 1245 1057 1267 suae

66 1279 198 1317 exigenti
220 1281 343 1310 modum
364 1280 520 1309 satisfecit.
544 1280 622 1309 LXX
644 1284 733 1309 natus
750 1288 849 1309 annos
864 1279 986 1309 iuvenis
1002 1279 1056 1308 du-

66 1322 110 1352 cis
126 1326 156 1351 et
177 1330 272 1359 saepe
293 1323 382 1352 etiam
404 1322 534 1359 gregarii
556 1321 658 1350 militis
679 1321 782 1351 munia
809 1320 958 1358 explevit:
986 1329 1057 1350 acer

67 1363 204 1398 consilio,
221 1372 313 1394 manu
327 1369 481 1399 strenuus,
497 1372 586 1393 carus
605 1363 803 1400 principibus,
820 1365 912 1400 vulgo
930 1363 1056 1393 militum

24 1405 227 1442 34acceptior.
249 1407 332 1436 Haec
348 1406 521 1443 impulerint
535 1406 617 1435 illum
630 1405 669 1434 ad
684 1405 769 1442 regni
789 1405 1001 1442 cupiditatem,
1017 1413 1055 1433 an

66 1451 180 1478 tantum
195 1452 372 1484 suspectum
395 1448 536 1483 fecerint,
558 1446 669 1484 ambigi
692 1451 807 1484 potest,
832 1447 903 1483 quia
924 1447 1057 1476 Philotas

66 1488 179 1519 ultimis
195 1489 379 1519 cruciatibus
395 1490 494 1519 victus
510 1497 624 1519 verane
639 1489 763 1524 dixerit,
788 1497 867 1525 quae
890 1490 969 1518 facta
986 1496 1056 1525 pro—

64 1530 128 1560 bari
151 1539 210 1560 non
234 1536 390 1568 poterant,
413 1540 449 1560 an
473 1531 558 1561 falsis
580 1535 797 1561 tormentorum
820 1530 940 1567 petierit
955 1531 1056 1567 finem,

67 1581 99 1602 re
122 1581 247 1610 quoque
268 1573 398 1604 recenti.
425 1582 516 1610 quum
541 1573 636 1610 magis
655 1577 762 1609 posset
778 1572 910 1609 liquere,
938 1572 1056 1602 dubita-

66 1622 127 1644 tum
142 1619 198 1644 est.

25 1661 57 1688 35
137 1656 205 1694 (10)
225 1658 411 1693 Alexander,
429 1665 507 1694 quos
519 1657 613 1686 libere
626 1661 753 1686 mortem
765 1655 971 1686 Parmenionis
983 1665 1055 1686 con-

67 1703 194 1736 questos
216 1707 287 1729 esse
310 1703 517 1737 compererat,
544 1698 737 1736 separandos
759 1707 777 1727 a
799 1703 901 1728 cetero
918 1698 1053 1728 exercitu

66 1746 148 1770 ratus
163 1740 193 1770 in
211 1750 299 1771 unam
315 1742 471 1772 cohortem
489 1741 620 1770 secrevit
636 1741 808 1777 ducemque
824 1740 871 1770 his
887 1740 1054 1770 Leonidam

785 1782 847 1812 10*
