1215 1905
151 91 222 120 LlB.
238 91 287 120 lx.
311 91 392 121 CAP.
408 91 444 127 11,
458 94 537 122 23-
548 91 630 121 CAP.
646 92 695 128 111,
710 95 736 122 7.
752 98 882 132 [imo-12.
896 103 935 129 z.]
995 93 1058 124 221

68 167 196 197 tudinem
209 167 399 196 vindicamus.
444 167 503 196 Ubi
518 171 586 196 sunt
602 169 654 203 illi,
671 176 793 204 quorum
809 172 957 198 certamen
967 171 1060 206 paulo

68 211 136 238 ante
159 208 234 244 vidi,
263 209 508 244 contendentium,
537 210 590 245 qui
605 210 787 245 potissimum
812 211 960 240 vulnerati
980 213 1059 247 repis

68 258 176 287 corpus
187 248 380 286 exciperent?
403 251 548 285 desertus,
568 251 719 280 destitutus
727 259 806 287 sum,
825 252 952 281 hostibus
969 253 1058 282 dedi-

27 295 122 323 33tus.
162 291 223 320 Sed
233 293 311 321 solus
326 299 437 328 quoque
453 293 498 321 ire
512 292 714 328 perseverabo.
757 292 875 323 Obiieite
891 302 936 323 me
954 296 1058 330 flumi-

69 334 153 362 nibus
174 337 202 362 el
223 333 313 363 beluis
335 337 363 362 et
384 335 441 362 illis
459 334 613 369 pentibus,
635 342 761 370 quarum
784 336 903 364 nomina
924 336 1058 365 horretis.

67 375 229 410 Inveniam,
241 376 294 411 qui
306 375 451 404 desertum
463 383 482 404 a
494 375 570 404 vobis
581 380 757 412 sequantur:
772 376 900 413 Scythae
911 377 1058 407 Bactria-

67 418 155 453 nique
172 419 259 445 erunt
273 425 399 451 mecum,
422 417 516 446 hostes
525 419 618 453 paulo
636 421 718 451 ante,
741 426 820 447 nunc
836 420 939 448 milites
957 421 1058 448 nostri.

27 458 148 488 &Mori
156 462 299 494 praestat,
312 466 400 494 quam
408 460 547 495 precario
565 460 770 495 imperatorem
788 468 859 489 esse.
900 461 947 490 Ite
962 461 1058 490 redu-

67 508 115 529 ces
127 500 241 529 aomos:
253 501 291 529 ite
302 500 416 529 deserto
426 508 496 536 reae
506 504 633 529 ovantes.
677 501 741 537 qu
758 501 807 531 hic
824 509 843 530 a
854 502 932 531 vobis
950 503 1058 540 despe-

67 546 153 571 ratae
164 542 303 571 victoriae
314 545 366 571 aut
376 542 512 571 honestae
523 544 610 571 morti
621 544 714 571 locum
726 543 881 572 inveniam.

457 609 478 638 C
486 611 512 639 A
520 610 550 639 P.
573 611 621 639 111.

41 672 54 699 1
152 668 195 698 Ne
213 669 257 698 sie
273 669 395 705 quidem
412 670 462 698 ulli
485 669 611 699 militum
625 678 688 699 vox
703 670 832 707 exprimi
853 671 958 707 potuit.
997 671 1056 700 Ex-

68 710 244 746 pectabant‚
272 715 305 740 ut
326 711 421 740 duces
442 711 661 749 principesque
687 712 726 741 ad
750 720 853 749 regem
879 713 1057 749 perferrent,

67 751 244 781 vulneribus
272 757 302 781 et
323 754 466 782 continuo
489 753 593 783 labore
615 753 737 783 militiae
760 754 902 790 fatigatos
923 763 983 784 non
1006 755 1058 784 de-

67 798 196 822 trectare
221 794 333 828 munia,
361 795 417 823 sed
444 795 595 824 sustinere
622 804 683 825 non
710 804 815 832 posse.
861 796 999 826 Ceterum
1015 796 1058 826 illi

16 866 20 876 Ι
37 838 55 864 2
67 839 147 864 metu
162 835 279 864 attoniti
300 835 330 864 in
354 840 462 865 terram
478 844 531 865 ora
547 837 726 866 defixerant.
771 837 864 873 Igitur
885 837 984 874 primo
1000 839 1057 868 sre-

67 877 157 906 mitus
174 885 230 906 sua
245 881 368 913 sponte,
397 877 508 907 deinde
523 877 652 914 gemitus
669 887 794 915 quoque
816 878 924 914 oritur,
953 881 1057 916 paula-

68 919 182 955 timque
197 918 321 948 liberius
344 919 432 948 dolor
457 919 531 956 erigi
558 920 668 957 coepit,
697 920 890 950 manantibus
916 921 1058 957 lacrimis,

67 960 146 989 adeo
162 964 194 989 ut
208 968 278 994 rex,
298 960 342 988 ira
357 960 386 989 in
402 960 642 991 misericordiam
658 970 763 997 versa,
786 970 825 991 ne
841 962 908 998 ipse
926 963 1048 999 quidem

69 1010 252 1038 quamquam
269 1006 404 1038 cuperet,
419 1007 586 1039 temperare
603 1003 700 1033 oculis
715 1003 857 1040 potuerit.

40 1046 57 1072 3
146 1043 213 1078 (12)
235 1043 377 1079 Tandem,
393 1044 538 1073 universa
553 1045 700 1075 concione
716 1044 846 1075 effusius
862 1044 964 1082 flente,
983 1045 1057 1075 Coe-

71 1093 128 1114 nus
144 1093 239 1114 ausus
256 1090 318 1120 est,
341 1086 552 1115 cunctantibus
569 1086 693 1122 ceteris,
720 1087 848 1124 propius
864 1087 993 1116 tribunal
1009 1095 1059 1116 ac-

41 1136 57 1156 -t
70 1127 188 1162 cedere,
206 1127 392 1164 significans,
409 1136 442 1157 se
458 1128 542 1165 loqui
557 1129 645 1157 velle.
669 1128 765 1164 Quem
778 1133 812 1158 ut
826 1129 932 1158 videre
947 1129 1058 1158 milites

69 1168 275 1198 detrahentem
301 1170 418 1206 galeam
445 1169 537 1206 capiti
563 1170 617 1205 (ita
638 1170 717 1199 enim
739 1178 842 1207 regem
857 1170 973 1208 alloqui
988 1179 1057 1200 mos

39 1215 55 1239 5
67 1214 135 1246 est),
152 1210 263 1240 hortari
280 1216 454 1248 coeperunt,
476 1216 509 1240 ut
524 1219 648 1240 causam
666 1212 819 1242 exereitus
835 1216 948 1249 ageret.
983 1213 1057 1242 Tum

69 1252 198 1287 Coenus,
221 1253 272 1281 Dii
287 1254 470 1289 prohibeant,
493 1253 597 1290 inquit,
621 1262 640 1282 a
663 1254 743 1284 nobis
761 1256 867 1291 impias
887 1258 1011 1284 mentes:
1032 1259 1059 1284 et

61 1294 200 1331 profecto
209 1295 374 1331 prohibent.
414 1296 499 1325 Idem
514 1297 630 1324 animus
648 1300 691 1325 est
706 1297 770 1330 tuis,
791 1298 845 1333 qui
853 1296 917 1332 fuit
932 1305 1057 1333 semper,

67 1337 119 1371 ire,
136 1344 192 1372 quo
203 1338 329 1371 iusseris,
340 1346 489 1374 pumzare,
504 1339 682 1374 periclitari.
701 1340 847 1374 sanquine
864 1342 961 1368 nostro
976 1347 1058 1368 com-

67 1378 209 1408 mendare
223 1380 390 1415 posteritati
411 1384 491 1408 tuum
512 1387 624 1409 nomen.
663 1380 801 1415 Proinde,
828 1382 856 1409 si
874 1389 1056 1416 perseveras,

67 1421 192 1449 inermes
208 1428 320 1456 quoque
332 1425 360 1450 et
368 1422 443 1450 nudi
455 1426 483 1450 et
493 1429 666 1457 exsomnes,
682 1427 828 1458 utcunque
845 1423 897 1452 tibi
910 1423 997 1451 cordi
1007 1426 1056 1458 est,

38 1464 55 1491 6
65 1463 213 1497 sequimur
228 1464 273 1491 vel
283 1463 488 1492 antecedimus.
532 1463 592 1492 Sed
608 1465 634 1492 si
647 1464 754 1493 audire
770 1465 814 1493 vis
825 1472 881 1493 non
891 1465 978 1499 fictas
991 1468 1058 1493 tuo-

66 1511 132 1531 rum
155 1504 277 1532 militum
308 1512 403 1537 voces,
435 1513 534 1533 verum
563 1507 733 1535 necessitate
760 1507 864 1535 ultima
889 1514 1056 1543 expressas,

64 1545 182 1581 praebe,
205 1554 320 1581 quaeso,
339 1547 489 1583 propitias
512 1555 601 1576 aures
617 1548 772 1584 imperium
789 1551 876 1584 atque
894 1549 1055 1584 auspicium

66 1591 146 1615 tuum
162 1589 392 1616 constantissime
409 1590 514 1618 secutis
530 1593 565 1623 et,
581 1597 752 1626 quocunque
764 1591 882 1626 perqis,
904 1591 1056 1619 secuturis.

38 1630 54 1659 7
74 1628 182 1663 Vicisti,
196 1637 261 1664 rex,
274 1631 478 1666 maqnitudine
495 1639 595 1659 rerum
609 1639 667 1660 non
684 1631 778 1661 hostes
793 1632 885 1666 modo,
903 1632 957 1660 sed
968 1634 1056 1661 etiam

65 1670 178 1699 milites.
222 1671 369 1707 Quicquid
390 1673 552 1701 mortalitas
578 1680 688 1709 capere
710 1677 842 1710 poterat,
866 1675 1054 1710 implevimus.

66 1711 199 1741 Emensis
215 1714 315 1742 maria
327 1717 482 1750 terrasque
498 1716 600 1743 melius
615 1714 697 1744 nobis
721 1723 809 1751 quam
832 1716 937 1745 incolis
957 1717 1055 1745 omnia
