1215 1905
207 104 279 134 LlB.
295 105 360 134 Vll.
384 104 532 141 CAP.1V‚
551 108 668 135 16—36.
693 116 749 142 (vn,
771 115 852 135 16-19.
873 111 911 144 ι]
1009 103 1068 134 153

74 184 193 212 tenent:
210 180 352 218 squalida
365 180 500 210 siccitate
516 180 599 217 regio
618 189 676 210 non
694 181 862 216 hominem,
876 188 937 209 non
952 180 1068 216 frugem

76 222 142 253 alit:
160 231 254 260 quum
268 231 341 252 vero
357 223 440 252 venti
455 230 472 251 a
488 222 612 251 Pontico
630 223 703 251 mari
717 222 844 259 spirant,
862 221 1009 259 quicquid
1021 230 1068 251 sa-

77 264 137 294 buli
150 264 179 294 in
194 264 310 301 campis
324 265 409 300 iacet,
427 268 620 294 converrunt.
643 264 729 300 Quod
745 265 794 293 ubi
812 264 997 293 cumulatum
1013 268 1070 298 est,

75 314 254 344 magnorum
271 306 392 335 collium
409 307 515 343 procul
532 306 655 342 species
678 310 741 339 est,
765 305 928 342 omniaque
950 305 1070 342 pristini

33 347 189 380 mitineris
205 348 335 385 vestigia
351 348 510 377 intereunt.
548 349 668 384 ltaque,
687 347 738 384 qui
756 352 914 377 transeunt
931 355 1068 384 campos,

75 389 282 427 navigantium
305 390 396 419 modo
421 394 512 419 noctu
533 389 635 418 sidera
664 390 845 421 observant,
873 390 912 418 ad
940 397 1069 426 quorum

76 439 200 462 cursum
221 431 276 461 iter
298 431 447 468 dirigunt,
474 435 504 460 et
526 432 749 468 propemodum
772 431 883 460 clarior
905 435 953 460 est
970 430 1069 460 noctis

33 473 190 509 aeumbra,
205 481 296 510 quam
312 474 372 502 lux.
410 474 489 510 Ergo
507 473 637 502 interdiu
654 473 734 501 invia
751 477 798 503 est
814 473 908 509 regio,
925 472 996 509 quia
1013 480 1072 502 nec

75 514 248 552 vestIgium,
266 516 349 553 quod
365 520 542 553 sequantur,
555 515 712 544 inveniunt
728 519 758 544 et
774 515 852 544 nitor
868 515 1002 544 siderum
1019 522 1068 543 ca-

76 556 167 594 ligine
181 557 387 587 absconditur.
411 557 550 587 Ceterum
564 557 588 586 si
603 565 682 594 quos
699 556 748 586 ille
762 561 880 591 ventus,
898 556 950 593 qui
965 557 1069 585 amari

32 599 219 635 aoexoritur,
236 599 451 637 deprehendit,
468 608 560 628 arena
576 599 683 628 obruit.
720 598 782 628 Sed
797 607 858 636 qua
874 598 974 628 milior
991 602 1071 627 terra

76 645 133 677 est,
150 641 258 678 ingens
274 640 429 671 hominum
445 649 655 678 equorumque
671 641 830 670 multitudo
847 640 988 677 gignitur.
1014 641 1068 669 lta-

33 686 65 713 31
74 691 134 720 que
145 682 298 713 Bactriani
314 683 432 720 equites
445 683 525 712 XXX
540 682 621 711 milia
634 683 842 719 expleverant.
866 683 938 719 Ipsa
950 682 1072 717 Bactra,

75 724 210 761 regionis
227 725 293 755 eius
310 729 409 762 eaput,
427 725 484 754 sita
500 729 570 754 sunt
581 725 638 754 sub
651 729 753 753 monte
767 724 975 761 Parapamiso.
992 724 1068 753 Bac-

74 770 139 797 trus
165 766 263 796 amnis
291 767 434 803 praeterit
460 766 589 796 moenia.
647 766 674 795 ls
698 767 762 795 urbi
786 771 816 795 et
841 765 958 803 regioni
986 765 1069 795 dedit

75 817 196 838 nomen.

31 853 67 882 32
145 849 213 886 (19)
235 849 290 878 Hie
308 850 371 886 regi
388 850 497 879 stativa
512 851 634 879 habenti
652 850 805 879 nuntiatur
821 859 858 879 ex
877 849 1004 879 Graecia
1015 849 1065 878 Pe-

73 891 326 929 loponnesiorum
340 892 559 929 Laconumque
575 892 717 922 desectio.
746 893 885 921 Nondum
903 892 982 921 enim
999 891 1068 920 victi

74 938 168 969 erant,
193 942 286 970 quun]
304 934 572 970 proficiscerentur
588 934 732 964 tumultus
749 934 816 963 eius
830 933 980 971 principia
994 942 1069 963 nun-

74 976 184 1005 tiaturi.
208 976 243 1004 Et
256 975 333 1005 alius
350 983 499 1012 praesens
511 981 607 1005 terror
620 976 753 1012 affertur,
769 976 911 1014 Scythas,
928 975 979 1012 qui
992 976 1070 1004 ultra

74 1016 198 1046 'sanaim
214 1025 334 1046 amnem
356 1018 474 1052 colunt,
497 1019 679 1053 adventare,
701 1018 800 1047 Besso
818 1018 950 1047 serentes
967 1025 1067 1054 opem.

74 1060 191 1089 Eodem
206 1063 360 1096 tempore,
384 1067 463 1096 quae
486 1060 515 1088 in
538 1064 627 1096 genle
650 1059 793 1089 Ariorum
810 1060 944 1089 Cat-finus
960 1064 990 1089 et
1004 1059 1069 1088 Eri-

35 1101 164 1139 ssgyius
179 1105 348 1138 gesserant,
368 1102 570 1137 perferuntur.
614 1101 817 1131 Commissum
840 1106 904 1131 erat
919 1100 1073 1138 proelium

75 1143 342 1173 interMacedones
351 1142 515 1180 Ariosque.
530 1144 699 1180 Transfuga
708 1143 922 1173 Satibarzanes
930 1142 1070 1172 barbaris

76 1190 229 1222 praeerat:
254 1185 305 1222 qui
329 1194 421 1221 quum
437 1194 571 1222 pugnam
590 1193 715 1222 segnem
733 1185 883 1222 utrimque
900 1184 1008 1222 aequis
1026 1184 1068 1214 vi—

73 1227 159 1256 ribus
172 1231 252 1256 stare
267 1226 403 1262 vidisset,
420 1227 449 1256 in
462 1227 577 1264 primos
592 1228 714 1256 ordines
728 1227 917 1264 adequitavit
933 1227 1068 1264 dempta-

75 1277 136 1306 que
151 1269 253 1305 galea,
271 1268 421 1304 inhibitis,
445 1270 495 1306 qui
512 1270 571 1298 tela
587 1269 752 1305 laciebant,
769 1269 795 1298 si
812 1269 882 1306 quis
899 1269 1008 1298 viritim
1024 1268 1067 1297 di-

74 1310 187 1340 micare
203 1311 306 1341 vellet.
326 1311 505 1348 provocavit
521 1312 559 1340 ad
575 1319 724 1348 pugnam:
748 1311 863 1340 nudum
879 1318 913 1340 se
930 1315 1023 1348 caput
1038 1311 1068 1339 in

31 1356 64 1383 3⁴
73 1351 236 1382 certamine
250 1352 428 1382 habiturum.
453 1353 518 1381 Non
533 1353 596 1382 tulit
610 1353 753 1382 ferociam
765 1353 886 1382 barbari
899 1353 960 1381 dux
974 1352 1068 1382 bosti-

75 1394 111 1423 lis
127 1394 279 1423 exercitus
296 1394 471 1433 [Erigyius]‚
488 1394 590 1431 gravis
604 1395 727 1431 quidem
741 1399 849 1430 aetate,
863 1395 918 1423 sed
935 1399 964 1424 et
976 1394 1069 1423 animi

75 1441 105 1465 et
121 1436 260 1473 corporis
278 1436 387 1465 robore
405 1436 476 1465 nulli
493 1436 635 1466 iuvenum
652 1437 880 1473 postferendus.
919 1437 963 1471 ls,
981 1436 1069 1472 galea

75 1477 212 1514 dempta,
236 1477 375 1506 canitiem
397 1482 571 1512 ostentans,
606 1479 702 1511 Venit,
725 1478 836 1515 inquit,
853 1479 931 1513 dies,
950 1486 1006 1514 quo
1017 1481 1073 1506 aut

76 1521 196 1549 victoria
219 1523 271 1548 aul
292 1522 382 1548 morte
409 1520 628 1555 honestissima,
661 1523 762 1556 quales
785 1521 894 1549 amicos
915 1524 942 1548 et
963 1521 1070 1549 mililes

31 1565 65 1591 35
74 1562 250 1590 Alexander
264 1562 378 1595 habeat,
392 1563 551 1591 oslcndam.
574 1562 636 1590 Nec
652 1563 739 1598 plura
755 1562 894 1591 elocutus
910 1570 1023 1598 equum
1035 1561 1066 1590 iu

75 1602 194 1632 hostem
211 1602 280 1639 egit.
325 1603 472 1632 Crederes
489 1603 682 1640 imperatum,
699 1608 731 1632 ut
746 1604 828 1632 acies
844 1607 992 1640 utraeque
1008 1604 1070 1633 tela

76 1644 263 1674 cohiberent.
287 1643 426 1674 Protinus
443 1649 524 1674 certe
540 1649 745 1681 recesserunt,
762 1646 832 1675 dato
846 1645 941 1675 libero
954 1645 1068 1682 spatio,

74 1685 178 1716 intenti
193 1687 222 1715 in
240 1690 382 1716 eventum
397 1695 457 1716 non
473 1687 603 1716 duorum
618 1687 720 1722 modo,
737 1687 793 1717 sed
806 1686 896 1716 etiam
912 1695 987 1716 suae
1001 1695 1066 1716 sor-

32 1727 129 1764 36ιίε,
155 1728 269 1765 quippe
291 1728 423 1758 alienum
444 1728 607 1758 discrimen
631 1728 774 1758 secuturi.
817 1729 902 1759 Prior
916 1729 1067 1758 barbarus
