1215 1905
143 95 205 127 146
486 95 518 132 Q.
542 95 698 125 CURTII
719 95 827 125 RUFI

143 173 218 207 vide,
230 175 371 208 quantum
379 172 454 206 fidei
462 173 530 200 tuae
541 171 662 200 credam
673 188 708 191 —
722 175 748 200 te
759 173 891 201 ministro
901 174 944 201 uti
953 175 1050 202 statui.
1069 173 1129 203 Ob·-

142 214 234 247 sides,
258 213 327 242 dum
344 213 399 241 hoc
413 214 554 249 peragis,
579 216 665 242 erunt
678 213 794 248 fratres
806 215 856 242 tui.
898 214 1087 249 Proficiscere
1098 217 1170 245 2'n15

144 255 276 284 Mediam
298 257 326 283 et
345 255 387 282 ad
403 254 574 290 praefectos
594 262 670 283 meos
691 256 803 284 litteras
819 256 946 291 scriptas
960 263 1050 285 manu
1063 264 1128 286 mea

142 296 256 334 perfer.
278 297 432 325 Velocitate
443 304 515 332 opus
528 300 579 331 est,
594 304 652 332 qua
662 298 837 325 celeritatem
846 296 951 332 famae
962 298 1128 326 antecedas.

144 338 236 367 Noctu
245 339 403 373 pervenire
418 338 489 366 illuc
500 342 526 366 le
541 339 610 372 volo,
620 341 739 374 postero
751 338 814 373 die,
827 347 902 374 quae
912 340 1023 375 scripta
1034 343 1127 375 erunt,

143 380 258 415 exequi.
280 379 329 407 Aa
340 380 561 408 Parmenionem
573 387 684 415 quoque
697 381 833 416 epistolas
839 380 930 415 seres,
944 388 1033 409 unam
1045 389 1064 408 a
1075 388 1128 416 me,
1137 385 1170 411 16

144 423 268 450 alteram
284 421 415 449 Philotae
426 422 540 450 nomine
554 422 704 457 scriptam.
724 421 845 457 Siynum
857 423 941 450 anull
949 423 1011 450 eius
1022 423 1052 451 in
1063 430 1129 451 mea

138 466 281 500 potestate
293 467 343 491 est.
366 462 400 490 Sz·
408 466 496 498 pater
510 463 617 498 credet)
630 471 649 490 a
661 464 722 497 filio
734 464 905 499 impressum
914 485 921 499 ,
939 471 1026 499 quum
1042 467 1068 492 te
1082 465 1128 492 vi—

144 505 227 539 derit,
240 505 314 532 nihil
327 507 439 532 metuet.

222 544 268 581 (8)
290 544 472 582 Polydamas
492 549 571 575 tanto
587 546 731 575 liberatus
747 549 827 574 metu
842 545 1011 582 impensius
1027 546 1125 582 etiam,
1137 550 1166 577 17

144 595 234 624 quam
260 586 451 623 exigebatur,
479 587 625 623 promittit
649 595 789 624 operam:
820 587 1072 624 collaudatusque
1098 592 1127 617 et

144 628 302 665 promissis
319 632 476 663 oneratus,
501 629 642 665 deposita
657 632 760 664 veste,
786 637 876 665 quam
890 628 1036 665 habebat,
1051 630 1126 658 Ara·

144 670 211 699 biea
226 669 367 699 induitur.
411 670 477 698 Duo
493 669 627 704 Arabes,
651 678 779 706 quorum
794 670 911 699 interim
928 671 1075 707 coniuges
1091 678 1126 700 ae
1136 675 1167 701 18

144 711 237 746 liberi,
255 711 409 740 vinculum
424 711 510 746 fidei,
528 711 653 741 obsides
671 712 754 748 apud
768 719 870 748 regem
889 717 981 748 erant,
999 712 1059 742 dati
1076 720 1126 742 co-

143 753 239 782 mites.
284 753 339 782 Per
361 753 484 782 deserta
507 753 595 782 etiam
611 753 650 782 ob
667 753 833 782 siceitatem
848 754 917 783 loea
933 754 1056 783 camelis
1073 762 1125 783 un-

144 795 260 823 decima
276 794 339 830 die,
356 803 417 831 quo
435 795 653 829 destinaverat,
675 794 864 831 perveniunt.
896 795 933 824 Et
947 795 1125 832 priusquam
1139 800 1168 826 19

142 836 240 873 ipsius
256 836 443 865 nuntiaretur
456 836 614 872 adventus,
630 844 736 865 rursus
746 836 927 874 Polydamas
939 841 1056 866 vestem
1063 837 1124 865 Ma-

143 878 321 907 cedonicam
337 877 427 907 sumit
442 881 471 906 et
485 877 514 906 in
531 878 756 907 tabernaculum
774 877 912 907 Cleandri
927 883 1062 915 (praetor
1077 878 1125 907 hie

141 919 244 956 regius
261 921 336 954 erat)
354 924 461 956 quarta
474 919 577 956 vigilia
591 919 739 956 pervenit.
771 919 908 949 Redditis
926 919 1035 949 deinde
1050 919 1168 949 litte-20

142 961 192 996 ris7
211 961 432 991 constituerunt
446 960 542 997 prima
556 962 623 990 luee
638 961 677 989 ad
687 960 913 990 Parmenionem
926 960 1017 990 coire.
1038 961 1125 990 Nam-

144 1011 203 1039 que
219 1002 311 1032 eeteri
328 1011 461 1039 quoque,
479 1003 589 1039 quibus
606 1002 719 1031 litteras
734 1002 815 1039 regis
831 1003 984 1037 attulerat,
1001 1002 1041 1031 ad
1056 1010 1125 1032 eum

143 1044 260 1074 venturi
277 1049 370 1073 erant.
399 1044 462 1073 Iam
476 1044 663 1073 Parmenioni
680 1044 897 1082 Polydamanta
911 1044 1035 1073 venisse
1049 1052 1125 1073 nun-

144 1086 300 1115 tiaverunt.
347 1085 402 1121 Qui
428 1085 498 1115 dum
525 1087 651 1115 laetatur
677 1086 809 1114 adventu
835 1085 938 1120 amici,
976 1085 1126 1122 simulque
1133 1091 1165 1116 21

143 1128 305 1163 noscendi,
327 1135 405 1164 quae
420 1136 475 1156 rex
491 1131 602 1164 ageret,
621 1127 728 1156 aridus
742 1144 778 1148 -—
799 1127 912 1163 quippe
928 1128 1018 1163 longo
1035 1127 1124 1156 inter-

143 1170 221 1198 vallo
239 1170 350 1198 nullam
376 1169 413 1198 ab
437 1177 472 1198 eo
496 1169 655 1205 epistolam
678 1173 839 1205 acceperat
854 1187 893 1190 -—
909 1168 1126 1206 Polydamanta

143 1210 257 1247 requiri
273 1211 364 1239 iubet.
407 1210 582 1239 Diversm'Ia
597 1210 730 1246 regionis
744 1210 823 1239 illius
840 1218 966 1247 magnos
981 1218 1124 1239 recessus
1134 1215 1167 1240 22

144 1251 254 1281 habent
269 1250 659 1287 amoenosquenemoribus
667 1258 757 1279 manu
766 1250 905 1278 consitis:
919 1259 954 1280 ea
961 1251 1126 1288 praecipue

144 1302 247 1330 regum
264 1297 515 1329 satraparumque
537 1293 678 1329 voluptas
702 1297 772 1322 erat.
817 1292 1010 1329 Spatiabatur
1029 1292 1058 1321 in
1075 1301 1125 1322 ne·
1133 1297 1167 1322 23

145 1343 227 1364 more
241 1334 429 1369 Parmenion,
447 1334 565 1363 medius
581 1333 658 1363 inter
674 1334 777 1368 duces,
797 1335 906 1370 quibus
923 1339 986 1363 erat
997 1334 1125 1370 impera-

145 1382 204 1406 tum
220 1376 325 1406 litteris
341 1376 438 1412 regis,
454 1380 486 1405 ut
503 1375 684 1405 occiderent.
718 1376 864 1412 Agendae
880 1379 979 1404 autem
994 1376 1037 1404 rei
1054 1384 1125 1404 con-

144 1419 301 1447 stituerant
312 1421 441 1454 tempus⁷
459 1426 551 1454 quum
561 1417 738 1446 Parmenion
751 1425 769 1445 a
781 1417 997 1455 Polydamante
1012 1417 1126 1446 litteras

143 1459 269 1489 traditas
286 1460 386 1495 legere
402 1459 564 1495 coepisset.
592 1458 774 1496 Polydamas
791 1459 896 1495 procul
910 1458 1047 1493 veniens,
1063 1462 1095 1487 ut
1110 1461 1167 1488 :124

143 1501 338 1530 Parmenione
355 1504 540 1537 conspectus
556 1505 616 1536 est,
640 1501 723 1530 vultu
744 1499 874 1529 laetitiae
889 1499 1024 1536 speeiem
1039 1508 1125 1536 prae-

144 1543 275 1578 ferente,
297 1542 336 1571 ad
353 1542 614 1579 complectendum
630 1550 697 1571 eum
714 1542 859 1571 cucurrit:
881 1545 1044 1577 mutuaque
1059 1549 1125 1577 gra-

146 1584 289 1613 tulatione
311 1584 419 1619 suneu,
441 1583 623 1620 Polydamas
646 1583 804 1620 epistolam
820 1591 838 1612 a
852 1591 924 1620 rege
940 1583 1082 1619 scriptam
1098 1582 1125 1611 ei
1190 1618 1191 1621 Ἰ

144 1625 280 1661 tradidit,
302 1625 479 1655 Parmenion
492 1625 644 1654 vinculum
662 1625 809 1662 epistolae
825 1625 964 1659 solvens,
981 1623 1124 1660 quidnam
1133 1628 1166 1653 25
1190 1643 1193 1647 -

143 1675 197 1696 rex
209 1671 320 1703 ageret,
336 1667 517 1702 requirebat.
535 1667 586 1696 llle
599 1675 637 1696 ex
649 1666 724 1703 ipsis
737 1666 840 1695 litteris
854 1665 1041 1702 cogniturum
1054 1673 1125 1695 esse

143 1709 311 1745 respondit.
336 1709 449 1744 Quibus
465 1708 642 1738 Parmenion
665 1707 764 1743 lectis,
780 1708 860 1743 Rex,
874 1707 983 1743 inquit7
999 1708 1166 1744 expedi-26
1194 1722 1195 1725 =
