1215 1905
133 81 193 112 132
474 83 507 118 Q.
530 83 683 112 CURTII
704 83 813 113 RUFI

134 157 247 194 eapite,
269 156 334 186 sine
351 156 473 193 spititu,
495 157 560 187 sine
575 157 712 194 nomine,
728 158 827 188 aliena
842 163 934 196 terra,
951 159 1112 190 ludibrium

132 198 229 228 hosiis
251 199 376 227 futuros.
417 199 660 236 Haudquaquam
682 207 736 236 pro
760 208 816 236 spe
840 199 938 236 ipsius
964 202 1154 239 Amyntae29

133 239 228 269 oratio
245 243 329 276 grata
344 239 408 276 regi
423 240 491 275 fuit,
517 241 601 277 quod
616 241 792 277 coniugum,
820 242 903 277 quod
923 242 1039 278 patriae
1060 244 1111 273 ad-

133 280 263 310 monitos
280 280 427 317 pigriores
444 282 482 309 ad
499 286 598 310 cetera
613 281 713 310 munia
728 283 909 319 exequenda
925 282 1056 312 fecisset.

213 322 278 358 (36)
300 323 373 352 Tum
390 322 524 358 Coenus,
549 331 733 360 quamquam
752 323 883 353 Philotae
900 332 1036 354 sororem
1052 330 1154 356 ma-so

133 363 271 393 trimouio
293 372 397 392 secum
419 364 630 400 coniunxerat,
644 369 753 400 *tamen
775 364 890 401 acrius,
919 374 1008 402 quam
1029 366 1111 403 quis-

133 413 231 442 quam,
250 405 278 433 in
294 405 436 433 philetam
448 405 585 434 invectus
599 409 653 440 est,
671 405 851 442 parricidam
866 414 936 436 esse
952 407 1042 443 regis,
1058 416 1111 444 pa—

131 446 222 481 tritie,
244 445 410 481 exercitus,
435 446 605 476 clamitans:
633 455 817 483 saxumque,
843 448 926 484 quod
948 449 1024 477 forte
1045 453 1149 480 antee]

131 488 227 524 pedes
243 486 369 523 iacebat,
385 487 517 524 arripuit,
535 487 701 517 emissurus
714 488 744 517 in
760 496 836 525 eum,
853 493 885 518 ut
898 488 1035 526 plerique
1048 498 1111 519 cre-

133 528 252 564 didere,
278 529 433 558 tormentis
456 529 633 558 subtrahere
654 529 790 566 cupiens.
835 529 895 558 Sed
918 538 973 559 rex
990 539 1110 561 manum

132 570 197 599 eius
219 569 360 605 inhibuit,
387 570 506 599 dicendi
529 570 612 607 prius
629 578 752 600 causam
768 571 880 600 debere
897 571 961 600 fieri
977 576 1110 608 potesta-

132 616 190 640 tem
204 620 257 641 reo
280 619 335 640 nec
357 611 442 640 aliter
463 611 589 640 iudicari
605 620 767 648 passurum
789 620 823 641 se
838 613 1002 642 affirmans.
1039 614 1151 645 Tum32

133 652 234 681 dicere
250 653 353 682 iussus
368 652 513 687 Philotas,
531 653 596 682 sive
613 653 799 683 conscientia
815 654 939 683 sceler1s
957 653 1021 684 sive
1033 657 1110 692 peri-

132 693 191 722 culi
207 693 412 730 magnitudine
429 702 533 723 amens
550 699 579 723 et
595 694 749 730 attonitus,
766 703 826 724 non
842 696 978 724 attollere
994 697 1109 733 oeulos,

132 743 192 764 uon
208 734 326 764 hiscere
348 736 486 765 audebat.
529 735 673 764 Lacrimis
695 736 804 765 deinde
825 737 1031 773 manantibus,
1057 737 1152 769 tin-33

132 781 243 813 quente
259 777 373 813 animo,
390 777 418 805 in
436 786 518 813 eum,
534 785 550 806 a
568 786 627 814 quo
645 778 815 813 tenebatur,
832 778 979 807 incubuit:
995 779 1109 808 abster-

132 817 238 854 sisque
253 818 381 847 amiculo
399 818 463 847 eius
481 818 576 847 oculis
593 819 737 855 paulatim
752 819 904 855 recipiens
922 819 1058 856 spiritum
1074 829 1109 849 ac

132 867 238 888 vocem
255 859 389 889 dicturus
405 860 571 888 videbatur.
595 860 718 896 Iamque
734 869 787 889 rex
803 860 922 889 intuens
938 868 1021 897 eum,
1038 862 1110 890 Ma-
1119 867 1152 893 34

129 901 264 936 οεάὅηεε,
293 900 402 937 inquit,
429 902 465 930 de
489 904 515 930 te
539 902 701 930 iudicaturi
716 905 799 930 sunt:
820 911 943 938 quaero,
965 910 1004 930 an
1010 905 1112 939 patrio

129 950 260 972 sermone
271 944 311 971 sis
329 943 412 979 apud
424 951 471 972 eos
488 951 604 972 usurus.
647 943 719 971 Tum
735 943 879 978 Philetas,
903 944 1027 972 Praeter
1038 944 1111 972 Ma-
1118 950 1150 976 35

129 984 268 1018 redonas,
295 983 404 1020 inquit,
427 985 560 1020 plerique
578 985 699 1019 adsunt,
725 993 796 1020 quos
810 984 947 1021 facilius,
972 993 1048 1021 quae
1060 986 1110 1015 di-

132 1033 194 1055 ram
203 1048 209 1059 ,
222 1028 413 1061 percepturos
425 1026 567 1055 arbitror.
593 1027 620 1054 si
631 1026 733 1054 eadem
749 1027 851 1061 linqua
862 1026 952 1061 fuero
964 1034 1039 1062 usus,
1052 1035 1110 1063 qua

131 1070 160 1094 tzt
181 1068 276 1102 eqisti,
300 1075 356 1095 non
374 1067 407 1095 ob
424 1067 518 1101 aliud,
545 1067 645 1101 credo,
669 1075 756 1103 quam
772 1071 803 1095 ut
817 1069 909 1096 oratio
924 1070 974 1096 tua
988 1069 1113 1104 inteltiqi

126 1111 224 1143 posset
233 1116 252 1136 a
259 1109 403 1144 pluribus.
437 1108 510 1136 Tum
526 1116 588 1139 rex,
606 1109 722 1144 Ecquid
733 1109 841 1144 videtis,
857 1109 930 1138 adeo
946 1110 1032 1138 etiam
1045 1118 1111 1138 ser—
1119 1114 1151 1140 36

130 1150 221 1177 monis
230 1150 324 1185 patrii
334 1150 474 1178 Philotam
487 1148 628 1178 taedere?
645 1151 721 1178 solus
734 1151 841 1186 quippe
852 1150 974 1185 fastidit
984 1159 1048 1179 eum
1060 1151 1110 1179 di-

130 1198 204 1219 cere.
227 1190 287 1219 Sed
301 1191 380 1219 dieat
390 1199 469 1225 sane,
482 1195 626 1227 uteunque
640 1193 668 1220 ei
677 1192 762 1220 cordi
772 1195 821 1227 est,
835 1192 903 1220 dum
916 1193 1109 1227 memineritis,

130 1239 222 1267 aeque
235 1233 316 1260 illum
328 1240 347 1260 a
360 1236 456 1260 nostro
467 1240 545 1261 more
563 1240 650 1268 quam
671 1241 690 1260 a
708 1240 839 1261 sermone
854 1233 1021 1261 abhorrere.
1058 1234 1110 1262 At-

134 1280 193 1308 que
209 1272 248 1301 ita
264 1272 411 1302 concione
428 1273 570 1302 excessit.

569 1339 623 1367 CA
632 1339 660 1366 P.
681 1339 715 1367 X.

213 1395 278 1432 (37)
300 1398 373 1425 Tum
384 1397 527 1431 Philfitas,
563 1398 669 1432 Verba,
692 1397 802 1433 inquit,
823 1399 968 1426 innocenti
979 1400 1138 1435 reperirel

128 1437 220 1474 facile
236 1442 290 1473 est,
312 1439 426 1467 modum
444 1439 595 1467 verborum
614 1440 718 1468 misero
733 1443 828 1468 tenere
843 1439 976 1474 difficile.
1008 1439 1112 1475 Itaque
1123 1444 1138 1468 2

130 1481 204 1508 inter
217 1481 353 1516 optimam
365 1481 570 1509 conscientiam
586 1486 613 1509 et
633 1482 844 1517 iniquissimam
853 1481 1006 1516 fortunam
1019 1481 1112 1509 desti·-

129 1524 204 1549 tulus
215 1523 324 1556 iqnoro,
341 1522 480 1557 quomodo
493 1525 521 1550 et
531 1523 628 1551 animo
640 1530 701 1551 meo
713 1527 740 1551 et
753 1524 876 1559 tempori
880 1530 1017 1558 paream.
1049 1522 1111 1550 Ab-
1122 1525 1138 1550 3

128 1566 171 1591 est
181 1563 295 1598 quidem
307 1564 429 1599 optimus
441 1571 549 1592 causae
563 1571 644 1592 meae
657 1564 761 1598 iudex,
778 1565 830 1600 qui
861 1572 915 1592 eur
926 1572 970 1592 me
981 1565 1041 1600 ipse
1053 1571 1111 1591 au-

129 1603 193 1631 dire
208 1605 345 1639 noluerit,
369 1613 425 1633 non
441 1605 604 1634 mehercule
616 1607 760 1641 excoqito,
786 1613 873 1641 quum
888 1606 947 1639 illi,
969 1606 1112 1640 utrimque

128 1645 244 1680 coqnz‘ta
259 1653 359 1679 causa⁷
374 1650 432 1674 lam
447 1647 591 1676 damnare
607 1655 651 1675 me
661 1648 755 1682 liceat,
771 1654 859 1682 quam
872 1647 1036 1675 absolvere:
1056 1653 1112 1675 non

128 1687 244 1722 coqnita
259 1694 332 1721 vero,
346 1687 468 1717 liberari
478 1688 514 1716 ab
528 1688 645 1717 absente
659 1697 715 1717 non
726 1695 853 1725 possum,
867 1689 919 1724 qui
928 1695 947 1716 a
958 1690 1112 1724 praesente
