1215 1905
151 119 209 151 198
495 122 527 157 Q.
551 122 706 151 CURTII
727 124 835 153 RUFI

150 194 363 224 commercium
383 195 547 231 vulgavere
568 195 598 224 in
614 200 734 226 exteras
756 201 878 233 gentes:
907 208 1020 237 quippe
1042 201 1131 230 aesti-

149 241 268 266 mantur
284 241 482 272 purgamenta
499 238 705 267 exaestuantis
721 239 788 268 freti
803 239 915 276 pretio,
939 242 1022 277 quod
1036 241 1130 271 libido

150 277 314 307 constituit.
346 278 469 314 Ingenia
485 278 652 314 hominum,
670 279 749 309 sicut
763 280 891 317 ubique,
908 282 991 318 apud
1005 282 1073 312 illos
1088 284 1174 312 10-20

150 327 254 349 corum
276 327 400 356 quoque
416 319 492 349 situs
509 320 625 350 format.
669 321 804 358 Corpora
825 330 925 358 usque
945 323 1042 359 pedes
1066 329 1172 353 car-21

148 361 225 390 baso
242 361 351 395 velant,
369 360 462 390 soleis
475 361 580 397 pedes,
598 361 699 399 capita
710 363 809 392 linteis
822 363 971 393 vinciunt:
988 364 1081 401 lapilli
1093 373 1131 394 ex

149 402 274 432 auribus
289 402 436 439 pendent:
457 403 582 432 brachia
598 412 722 440 quoque
738 408 767 433 et
781 406 912 434 lacertos
928 414 1002 435 auro
1019 406 1130 442 colunt,

150 443 261 480 quibus
283 443 361 473 inter
385 445 550 480 populares
579 449 629 474 aut
655 445 796 475 nobilitas
819 450 870 475 aut
892 455 967 483 opes
990 447 1131 477 eminent.

150 485 295 522 Capillum
310 489 433 522 pectunt
449 486 583 522 saepius,
602 495 692 523 quam
707 488 846 517 tondent:
864 493 995 518 mentum
1011 496 1132 525 semper
1140 494 1173 518 22

147 527 301 556 intonsum
324 531 384 556 est:
409 527 557 564 reliquam
578 528 639 558 oris
663 532 760 558 cutem
783 529 822 558 ad
844 529 979 565 speciem
1000 529 1130 559 levitatis

149 573 330 605 exaequant.

231 610 298 646 (32)
318 611 434 647 Regum
451 614 549 640 tamen
563 610 689 646 luxuria,
708 620 797 648 quam
810 611 869 649 ipsi
881 611 1171 648 magnificentiamz·

149 653 316 688 appellant,
335 660 428 688 super
444 652 575 681 omnium
590 652 722 688 gentium
738 653 819 683 vitia.
855 653 952 689 Quum
966 661 1020 682 rex
1037 657 1133 683 semet

148 693 177 721 in
194 693 316 729 publico
333 693 471 730 conspici
487 694 611 730 patitur,
633 694 763 723 turibula
785 699 928 731 argentea
945 694 1074 724 ministri
1090 696 1131 724 fe-

147 739 217 764 runt
239 738 394 771 totumque
418 735 486 770 iter,
515 743 570 771 per
592 736 675 772 quod
697 735 766 764 ferri
782 736 958 771 destinavit,
986 736 1132 766 odoribus

149 777 310 812 complent.
326 778 428 805 Aurea
440 776 555 811 lectica,
570 777 739 814 margaritis
748 777 1073 815 circumpendentibus,
1086 786 1130 807 re·
1140 782 1175 807 24

149 818 251 847 cubat:
269 817 411 847 distincta
426 822 496 847 sunt
511 826 584 848 auro
602 823 631 847 ct
646 827 781 855 purpura
798 820 933 854 carbasa,
952 827 1030 856 quae
1045 819 1129 848 indu-

148 864 195 888 tus
212 864 271 889 est:
294 859 430 888 lecticam
451 864 620 896 sequuntur
635 860 739 889 armati
760 860 960 897 corporisque
977 861 1130 895 custodes,

149 901 226 930 inter
248 909 326 937 quos
348 901 438 930 ramis
461 909 533 929 aves
557 901 704 937 pendent,
733 909 809 937 quas
831 905 920 931 cantu
936 901 1025 931 seriis
1040 902 1131 930 rebus
1140 906 1172 931 25

148 943 326 978 obstrepere
341 943 518 971 docuerunt.
548 942 642 979 Regia
656 946 776 972 auratas
794 944 951 972 columnas
966 943 1071 972 habet:
1088 948 1130 972 to·
1140 947 1173 972 26

147 988 193 1013 tas
217 992 268 1012 eas
289 983 360 1012 vitis
382 992 456 1013 auro
479 984 594 1013 caelata
610 984 771 1020 percurrit,
799 984 976 1020 aviumque,
1006 992 1132 1020 quarum

147 1025 217 1054 visu
229 1025 358 1054 maxime
371 1026 511 1061 gaudent,
523 1029 683 1062 argenteae
697 1024 815 1061 effigies
828 1033 922 1061 opera
935 1024 1132 1061 distinguunt.

148 1066 243 1103 Regia
258 1067 439 1096 adeuntibus
452 1070 543 1104 patet,
561 1074 654 1103 quum
667 1066 807 1103 capillum
820 1066 912 1103 pectit
927 1070 1018 1103 atque
1032 1070 1172 1097 ornatt27

148 1114 219 1138 tunc
235 1117 386 1145 responsa
401 1108 616 1145 legationibus,
640 1112 709 1137 tunc
725 1107 790 1137 iura
810 1108 1009 1144 popularibus
1024 1108 1132 1137 reddit.

148 1149 285 1186 Demptis
301 1150 410 1184 soleis,
427 1150 573 1179 odoribus
589 1149 742 1178 illinuntur
758 1150 864 1186 pedes.
886 1150 1024 1178 Venatus
1039 1149 1175 1180 maxi-28

149 1200 216 1221 mus
233 1191 318 1220 labor
333 1196 393 1225 est,
416 1191 534 1220 inclusa
548 1191 664 1220 vivario
681 1190 821 1220 animalia
836 1190 912 1220 inter
928 1195 997 1220 vota
1012 1194 1132 1220 cantus-

151 1242 209 1270 que
225 1233 366 1269 pellicum
382 1233 483 1269 figere.
506 1232 615 1261 Binum
631 1233 799 1262 cubitorum
816 1232 942 1269 sagittae
959 1236 1036 1267 sunt,
1054 1240 1132 1268 quas

150 1274 286 1303 emittunt
301 1274 415 1303 maiore
431 1274 516 1309 nisu,
534 1282 623 1311 quam
640 1274 759 1303 effectu.
784 1274 902 1310 Quippe
918 1274 1023 1309 telum,
1045 1273 1132 1302 cuius

149 1317 178 1344 in
194 1315 315 1344 levitate
329 1315 373 1343 vis
391 1316 487 1345 omnis
504 1320 563 1349 est,
581 1315 703 1343 inhabili
719 1316 856 1351 pondere
870 1319 1019 1344 oneratur.
1059 1315 1130 1343 ΒΓΕ»
1141 1319 1174 1345 29

149 1357 235 1387 viora
249 1357 356 1386 itinera
371 1365 450 1393 equo
467 1356 601 1386 conficit:
625 1356 742 1392 longior
758 1356 808 1385 ubi
824 1356 978 1392 expeditio
995 1359 1054 1390 est,
1072 1356 1132 1384 ele—

150 1398 254 1436 phanti
269 1398 383 1428 vehunt
399 1407 526 1433 currum,
545 1402 574 1427 et
589 1402 736 1426 tantarum
752 1398 909 1426 beluarum
925 1405 1056 1433 corpora
1070 1401 1133 1426 tota

151 1444 315 1476 contegunt
329 1448 413 1470 auro.
436 1441 482 1468 Ac
498 1448 536 1468 ne
553 1439 625 1476 quid
642 1439 767 1476 perditis
783 1438 917 1467 moribus
933 1438 1026 1473 desit,
1049 1438 1132 1467 lecti-

151 1482 195 1511 cis
211 1481 311 1511 aureis
328 1481 468 1518 pellicum
484 1481 593 1517 longus
610 1481 684 1510 ordo
702 1481 852 1517 sequitur:
869 1484 1042 1516 separatum
1057 1487 1075 1508 a
1086 1487 1130 1508 re*

151 1524 240 1560 ginae
263 1523 368 1552 ordine
390 1531 497 1559 agmen
524 1527 570 1551 est
595 1526 767 1558 aequatque
794 1521 952 1550 luxuriam.
991 1520 1133 1550 Feminae
1141 1526 1173 1552 30

151 1565 258 1601 epulas
274 1569 388 1601 parant¹
418 1564 465 1593 Ab
480 1563 588 1593 iisdem
604 1563 706 1592 vinum
720 1562 917 1598 ministratur,
935 1562 1021 1591 cuius
1037 1561 1131 1591 omni-

150 1606 208 1635 bus
225 1606 306 1634 Indis
322 1607 424 1642 largus
440 1610 487 1634 est
501 1613 586 1634 usus.
625 1605 739 1641 Regem
760 1613 842 1634 mero
865 1611 1035 1639 somnoque
1050 1602 1132 1639 sopi-

152 1652 213 1676 tum
227 1647 255 1675 in
270 1647 440 1676 cubiculum
452 1647 577 1683 pellices
590 1647 732 1681 referunt,
746 1645 842 1682 patrio
856 1645 986 1674 carmine
999 1643 1133 1673 noctium

151 1689 328 1717 invocantes
345 1688 430 1717 deos.

235 1728 302 1764 (33)
325 1729 396 1764 Quis
414 1729 524 1764 credat,
542 1729 619 1758 inter
632 1729 709 1757 haec
723 1727 795 1757 vitia
811 1735 912 1756 curam
927 1735 997 1756 esse
1013 1727 1168 1763 sapien-31

1176 1673 1182 1708 l
