1215 1895
1 397 8 415 ,φ

238 69 311 99 Lm.
327 70 378 98 iv.
396 68 477 98 CAP.
494 68 543 104 111,
559 72 660 98 2—18.
677 69 724 94 uv,
740 70 821 90 12—u.
836 68 874 95 ι]
1033 65 1073 97 37

81 151 169 176 cutae
191 150 290 180 erant,
319 145 465 182 pleraque
487 152 591 174 secum
614 143 642 173 in
659 143 845 181 profundum
861 142 988 171 dabant:
1013 146 1074 171 tum

81 190 198 219 levatos
215 195 308 217 onere
324 186 443 223 stipites
460 190 647 223 truncosque
659 186 802 215 arborum
813 184 895 214 haud
906 191 998 221 aegre
1010 191 1074 213 mo-

81 230 245 260 liebantur:
273 227 384 258 deinde
406 232 500 258 totum
522 236 618 264 opus,
641 228 723 264 quod
741 226 895 263 stipitibus
918 226 1016 256 suerat
1031 225 1074 255 in-

82 272 195 307 nixum,
213 270 408 300 fundamento
425 270 524 306 lapso,
540 269 736 306 sequebatur.

40 318 71 344 11
163 314 265 350 Aegro
282 311 372 341 animi
387 311 562 341 Alexandro
582 319 649 347 nec,
672 314 894 348 perseveraret,
916 318 953 338 an
970 309 1074 343 abiret,

82 355 157 386 satis
173 359 255 384 certo
272 352 382 383 classis
399 353 501 391 Cypro
517 353 641 382 advenit
663 352 835 389 eodemque
856 355 994 388 tempore
1011 350 1075 380 Cle-

83 398 193 433 ander,
215 403 282 426 cum
298 394 422 424 Graecis
444 395 588 425 militibus
615 395 644 424 in
668 394 774 424 Asiam
799 401 897 430 nuper
917 393 1076 422 advectus.

84 440 208 470 Centum
224 443 254 467 et
262 436 423 474 nonaginta
440 436 561 466 navium
578 436 732 475 [classem]
755 436 785 465 in
808 436 869 464 duo
887 434 995 464 dividit
1009 442 1075 464 eor-

84 489 159 511 nua:
176 481 295 510 laevum
310 479 507 517 Pnytagesras,
523 487 577 508 rex
590 478 781 517 Cypriorum,
795 485 864 506 cum
876 475 999 506 Cratero
1013 480 1076 505 tue-

83 524 179 557 batur,
196 520 425 551 Alexandrum
418 530 447 550 1n
464 521 572 550 dextro
590 519 821 557 quinqueremis
836 518 921 555 regia
936 517 1077 547 vehebat.

44 569 75 595 12
85 565 146 595 Nec
161 563 253 602 Tyrii,
270 571 454 600 quamquam
471 563 602 592 classem
618 562 779 597 habebant,
794 560 862 590 ausi
878 560 986 589 navale
1002 558 1078 588 inire

85 611 251 636 certamen:
277 604 416 634 triremes
442 605 496 634 tris
519 604 641 634 omnino
664 608 734 634 ante
750 603 818 640 ipsa
838 601 959 632 moenia
981 609 1076 638 oppo-

86 652 226 678 suerunt.
244 647 355 683 quibus
370 655 425 676 rex
441 646 589 682 invectus
607 646 692 683 ipsas
709 644 862 675 demersit.

46 693 77 720 13
167 688 234 726 (14)
255 689 380 718 Postera
396 688 445 718 die
462 688 562 718 classe
579 688 616 718 ad
638 687 758 718 moenia
780 687 917 721 admota,
943 684 1080 722 undique

87 730 242 762 tormentis
269 735 299 759 et
323 729 454 759 maxime
475 730 600 760 arietum
622 730 714 767 pulsu
736 737 840 759 muros
863 727 973 765 quatit:
1001 735 1079 763 quos

85 772 166 812 Tyrii
181 771 290 810 raptim
306 771 471 801 obstructis
488 772 572 802 saxis
594 773 782 807 refecerunt,
807 770 981 799 interiorem
1005 777 1078 805 quo-

88 823 146 853 que
161 822 287 848 murum
305 818 347 850 ut,
364 813 389 843 si
406 813 489 850 prim
505 813 673 849 fefellisset,
690 813 740 843 illo
757 821 792 842 se
808 816 972 847 tuerentur,
993 809 1080 840 undi-

46 861 78 888 14
89 865 148 895 que
163 856 235 886 orsi
275 855 336 886 Sed
359 854 494 892 undique
510 855 557 885 vis
574 855 643 885 mali
658 855 800 892 urgebat·
824 855 920 884 moles
937 852 1014 883 intra
1030 851 1080 882 teli

87 899 196 929 iactum
213 902 286 933 erat,
302 897 411 927 classis
427 897 547 927 moenia
565 897 750 933 circumibat,
774 896 908 927 terrestri
925 895 1013 925 simul
1029 902 1081 923 na-

87 940 209 977 valique
235 939 322 968 clade
348 940 562 969 obruebantur.
610 939 730 977 Quippe
757 939 844 968 binas
872 937 1082 975 quadriremes

87 981 271 1011 Macedones
287 981 365 1010 inter
381 989 414 1011 se
429 981 470 1011 ita
486 981 662 1017 iunxerant,
685 986 717 1011 ut
739 989 848 1018 prorae
872 980 1081 1013 cohaererent,

90 1031 211 1061 puppes
238 1023 412 1058 intervallo,
439 1028 582 1060 quantum
606 1031 718 1060 capere
741 1027 896 1060 poterant,
924 1021 1081 1051 distarent.

49 1068 79 1092 15
90 1066 155 1094 Hoc
177 1064 325 1102 puppium
347 1064 537 1094 intervallum
559 1065 699 1095 antennis
726 1064 946 1100 asseribusque
972 1061 1083 1092 validis

89 1106 228 1143 deligatis
245 1114 402 1143 superque
418 1114 473 1136 eos
490 1108 634 1144 pontibus
651 1107 768 1143 stratis,
785 1106 836 1143 qui
852 1105 975 1135 militem
992 1103 1082 1134 susti-

89 1152 205 1183 nerent,
222 1147 437 1184 impleverant:
455 1148 499 1178 sic
515 1148 678 1179 instructas
697 1148 906 1185 quadriremes
922 1147 961 1176 ad
977 1146 1082 1176 urbem

89 1190 234 1227 agebant:
250 1189 321 1219 inde
338 1189 464 1219 missilia
480 1190 508 1219 in
526 1195 758 1228 propugnantes
775 1190 991 1227 ingerebantur
1006 1193 1080 1222 tuto,

50 1234 81 1260 16
93 1231 163 1269 quia
179 1230 280 1268 proris
299 1231 385 1261 miles
402 1232 569 1269 tegebatur.
603 1232 705 1262 Media
721 1240 784 1262 nox
800 1236 876 1268 erat,
895 1240 988 1268 quum
1005 1231 1082 1260 clas-

90 1282 170 1308 sem,
197 1272 286 1302 sicuti
308 1273 421 1302 dictum
443 1278 505 1310 est,
531 1279 666 1311 paratam
683 1273 841 1304 circumire
863 1282 968 1303 muros
984 1273 1083 1302 iubet=

89 1315 210 1352 iamque
226 1323 322 1345 naves
337 1315 405 1344 urbi
419 1315 556 1353 undique
571 1316 822 1353 admovebantur,
838 1320 867 1346 et
878 1315 960 1354 Tyrii
973 1315 1083 1351 despe-

88 1357 205 1387 ratione
226 1357 402 1394 torpebant:
430 1366 523 1394 quum
546 1358 646 1388 subito
668 1358 790 1395 spissae
806 1358 904 1387 nubes
925 1356 1084 1387 intendere

89 1407 123 1429 se
145 1399 240 1434 coelo,
267 1403 304 1434 et,
334 1399 482 1436 quicquid
505 1400 581 1430 lucis
604 1400 805 1436 internitebat⁷
833 1400 932 1429 effusa
954 1397 1084 1435 caligine

49 1443 80 1470 17
91 1440 254 1470 extinctum
270 1445 326 1471 est
361 1442 436 1470 Tum
463 1441 677 1472 inhorrescens
704 1450 786 1471 mare
808 1441 952 1489 paulatim
979 1438 1083 1475 levari,

89 1481 209 1518 deinde
229 1482 347 1512 acriore
361 1488 454 1513 vento
471 1483 664 1519 concitatum,
686 1483 798 1514 fluctus
815 1483 896 1512 ciere
912 1487 942 1512 et
956 1482 1034 1512 inter
1049 1489 1084 1510 se

89 1523 210 1561 navigia
226 1524 381 1554 collidere.
419 1525 545 1562 lamque
561 1525 659 1555 scindi
676 1530 845 1563 coeperunt
860 1525 998 1559 vincula,
1017 1522 1082 1560 qui-

89 1565 148 1613 bus
166 1574 326 1596 connexae
349 1567 559 1604 quadriremes
581 1572 682 1602 erant,
704 1576 793 1597 ruere
817 1567 948 1597 tabulata
971 1570 1084 1596 etcum

48 1607 201 1644 leingenti
218 1609 338 1646 fragore
353 1608 384 1638 in
400 1610 586 1646 profundum
608 1618 712 1639 seeum
728 1609 838 1639 milites
854 1609 983 1639 trahere.
1026 1607 1082 1637 Ne-

92 1657 150 1686 que
164 1650 243 1680 enim
260 1656 403 1680 conserta
418 1650 540 1688 navigia
556 1652 617 1681 ulla
633 1659 693 1688 ope
715 1651 745 1680 in
768 1650 887 1681 turbido
910 1650 975 1688 regi
997 1653 1082 1687 pote-

89 1695 170 1720 rant:
192 1692 278 1722 miles
294 1691 460 1723 ministeria
476 1698 650 1729 nautarum,
666 1701 769 1723 remex
786 1692 887 1723 militis
905 1691 1007 1723 officia
1021 1695 1081 1721 tur-
