1215 1895
229 79 301 110 LIB.
318 80 368 109 lv.
393 79 475 109 CAP.
492 80 528 114 V,
546 79 718 109 'zo—CAP.
735 80 785 114 vl,
804 83 844 110 15.
860 81 910 108 nv,
928 81 1013 104 24—27.
1034 82 1074 107 Ζ]
1129 77 1170 110 45

177 158 295 188 hostem
328 160 520 193 gererentur,
557 154 681 191 ignarus
715 155 819 184 urbem
854 155 965 184 Gazam
997 153 1169 184 obsidebat.

176 200 317 229 Praeerat
331 197 398 227 urbi
413 197 504 232 Betis,
521 196 650 225 eximiae
666 197 694 225 in
710 205 814 234 regem
830 205 918 226 suum
934 195 1014 233 fidei,
1034 196 1170 226 modico-

148 246 238 279 sque
261 238 415 277 praesidio
438 246 541 268 muros
568 238 698 274 ingentis
721 239 824 275 operis
845 239 994 268 tuebatur.
1036 238 1169 267 Alexan-

178 284 240 317 der,
257 281 415 312 aestimato
432 281 568 310 locorum
584 279 659 315 situ,
675 280 723 317 agi
740 280 898 310 cuniculos
914 279 1018 316 iussit,
1040 280 1120 309 sacili
1136 287 1171 309 ae

178 324 237 355 levi
262 324 354 353 humo
388 326 566 359 acceptante
592 323 744 351 occultum
773 330 868 358 opus:
901 321 1017 358 quippe
1049 322 1171 351 multam

178 374 300 396 arenam
311 363 444 394 vicinum
460 371 542 393 mare
559 363 680 399 evomit,
697 371 753 393 nec
770 371 845 393 saxa
861 368 1018 400 cotesque,
1033 371 1112 400 quae
1127 363 1171 392 in-

148 412 165 439 9
177 407 335 445 terpellent
350 413 473 443 specus,
489 406 619 435 obstant.
654 405 747 442 Igitur
762 406 799 435 ab
815 413 852 435 ea
867 409 962 442 parte,
975 413 1066 442 quam
1083 404 1171 442 oppi-

177 448 247 479 dani
263 447 444 486 conspicere
460 455 520 477 non
536 451 679 484 possent,
698 455 776 484 opus
793 455 899 483 orsus,
916 451 947 477 ut
962 455 980 476 a
996 455 1090 476 sensu
1106 446 1171 476 eius

177 493 342 526 averteret,
367 493 466 519 turres
488 488 582 519 muris
603 488 760 518 admoveri
781 488 873 518 iubet.
917 488 978 518 Sed
995 489 1102 518 eudem
1118 488 1172 518 hu-

178 541 245 562 mus
271 530 431 561 movendis
447 530 561 560 inutilis
577 530 726 566 turribus,
749 530 909 560 desidente
930 530 1172 567 sabulo,agilita-

177 580 236 605 tem
258 578 391 603 rotarum
413 573 586 602 morabatur
607 577 636 602 et
658 573 789 602 tabulata
814 572 937 602 turrium
955 572 1172 609 perfringebat,

179 616 325 652 multique
340 615 578 645 vulnerabantur
600 614 739 651 impune,
763 623 855 651 quum
881 614 962 644 idem
984 613 1171 651 recipiendis

141 666 170 691 10
181 657 232 695 qui
248 656 448 687 admovendis
463 656 595 686 turribus
612 656 698 686 labor
713 664 768 685 eos
784 656 931 693 fatigaret.
968 656 1049 693 Ergo
1064 664 1170 692 recep·

178 699 220 730 tui
236 699 323 736 signo
340 699 426 734 dato,
448 703 574 736 postero
596 697 646 727 die
662 706 765 728 muros
781 706 896 728 corona
913 697 1095 728 circumdari
1110 697 1171 727 ius—

179 741 216 771 sit
232 745 361 778 ortoque
377 741 458 776 sole,
484 740 664 777 priusquam
685 740 863 770 admoveret
878 740 1060 776 exercitum,
1083 747 1171 777 opem

139 791 167 816 u
180 783 270 813 deum
285 790 461 819 exposcens
478 790 597 811 sacrum
614 781 711 818 patrio
724 790 808 811 more
821 781 961 811 faciebat.
982 781 1072 811 Forte
1085 789 1172 818 prae—

178 825 332 855 tervolans
348 832 461 853 corvus
476 824 610 860 glebam,
639 831 728 860 quam
745 823 898 860 unguibus
914 823 1044 859 serebat,
1071 822 1172 853 subito

177 865 292 896 amisit:
320 874 399 903 quae
417 874 510 902 quum
525 865 606 901 regis
623 865 714 902 capiti
729 864 896 901 incidisset,
923 866 1059 895 resoluta
1076 864 1172 894 dessu-

177 908 230 944 xit‚
245 907 313 945 ipsa
329 912 429 937 autem
444 907 510 937 avis
527 907 556 936 in
573 906 713 944 proxima
729 911 809 937 turre
825 906 974 937 consedit.
1011 906 1087 937 Illita
1109 910 1173 936 erat

178 949 268 980 turris
283 949 429 979 bitumine
444 957 480 978 ae
497 949 659 986 sulphure,
688 948 718 977 in
742 958 802 986 qua
825 949 883 979 alis
898 948 1096 979 haerentibus
1113 949 1173 978 fru-

138 997 170 1022 12
181 995 243 1021 stra
259 999 292 1021 se
308 991 441 1021 allevare
457 995 585 1021 conatus
601 999 618 1019 a
634 990 900 1020 circumstantibus
917 990 1044 1028 capitur.
1074 990 1173 1028 Digna

178 1041 228 1063 res
243 1032 326 1068 visa,
348 1033 386 1063 de
409 1041 469 1069 qua
490 1037 577 1062 vates
593 1033 782 1062 consuleret:
809 1037 838 1062 et
853 1037 917 1062 erat
932 1041 993 1063 non
1010 1032 1140 1062 intactae
1156 1040 1172 1061 a

180 1074 396 1111 superstitione
411 1073 529 1103 mentis.
564 1074 645 1110 Ergo
659 1073 856 1110 Aristander,
878 1074 928 1104 cui
946 1074 1078 1104 maxima
1093 1074 1172 1104 fides

178 1115 361 1151 habebatur,
384 1115 468 1145 urbis
491 1114 614 1152 quidem
636 1115 790 1146 excidium
810 1115 938 1153 augurio
954 1116 1005 1146 illo
1021 1115 1173 1153 portendi,

180 1162 312 1187 ceterum
328 1156 496 1194 periculum
512 1165 597 1191 esse,
625 1165 663 1187 ne
679 1165 734 1186 rex
747 1158 859 1187 vulnus
874 1157 1042 1195 acciperet:
1068 1157 1172 1194 itaque

140 1201 170 1228 13
180 1198 309 1234 monuit,
326 1207 364 1228 ne
380 1198 454 1236 quid
469 1207 506 1228 eo
523 1199 572 1228 die
587 1198 743 1236 inciperet.
778 1200 846 1235 Ille,
874 1207 1060 1236 quamquam
1083 1207 1171 1229 unam

181 1241 285 1270 urbem
309 1240 382 1275 sibi,
410 1249 470 1277 quo
492 1239 591 1270 minus
614 1248 743 1270 securus
758 1242 934 1280 Aegyptum
949 1241 1088 1276 intraret,
1119 1241 1171 1271 olr-

180 1287 260 1312 stare
275 1290 365 1319 aegre
381 1282 512 1318 serebat,
533 1286 631 1312 tamen
648 1283 748 1319 paruit
759 1283 820 1313 vati
837 1283 1020 1320 signumque
1034 1283 1171 1320 receptui

179 1323 270 1354 dedit.

254 1364 322 1400 (27)
343 1364 420 1395 Hinc
436 1365 555 1395 animus
578 1366 674 1396 crevit
694 1365 848 1403 obsessis,
876 1367 1059 1404 egressique
1084 1371 1172 1404 porta

177 1407 391 1437 recedentibus
407 1407 540 1437 inserunt
555 1407 656 1444 signa,
683 1407 908 1439 cunctationem
929 1408 1063 1438 hostium
1085 1417 1170 1439 suam

138 1455 169 1480 Η
181 1450 244 1478 fore
260 1449 456 1479 occasionem
470 1449 537 1479 rati.
573 1449 635 1479 Sed
651 1450 752 1480 acrius
769 1459 859 1487 quam
875 1450 1066 1481 constantius
1082 1459 1170 1488 proe-

177 1491 248 1520 lium
263 1490 410 1521 inierunt:
437 1491 552 1528 quippe
575 1496 607 1522 ut
626 1491 828 1522 Macedonum
845 1492 933 1529 signa
948 1492 1112 1529 circumagi
1127 1492 1170 1521 vi-

177 1533 258 1567 dere,
274 1536 401 1570 repente
418 1532 530 1563 sistunt
543 1534 681 1570 gradum.
705 1533 830 1571 Iamque
846 1535 885 1564 ad
899 1542 1004 1571 regem
1018 1534 1170 1572 proelian-

176 1573 250 1604 tium
275 1575 390 1604 clamor
415 1579 610 1612 pervenerat,
639 1584 732 1612 quum
754 1576 921 1606 denuntiati
942 1576 1069 1614 periculi
1089 1576 1171 1606 haud

177 1624 252 1646 sane
267 1623 383 1646 memor
397 1617 523 1646 loricam
540 1621 654 1653 tamen,
683 1625 773 1654 quam
794 1626 862 1648 raro
877 1618 1037 1654 induebat,
1064 1617 1170 1647 amicis

140 1657 353 1694 morantibus,
369 1659 499 1695 sumpsit
515 1663 544 1688 et
559 1659 597 1688 ad
614 1658 711 1696 prima
727 1659 813 1696 signa
828 1659 976 1697 pervenit.
1014 1660 1078 1696 Quo
1098 1668 1170 1690 con-

178 1702 284 1735 specto
300 1700 400 1730 Arabs
419 1700 552 1737 quidam,
568 1700 656 1731 Darei
671 1700 774 1737 miles,
798 1702 895 1732 maius
917 1703 1039 1732 fortuna
1054 1710 1111 1732 sua
1126 1702 1170 1731 fa-
