1215 1905
117 67 175 99 166
458 68 491 103 Q.
516 68 673 97 CURTIl
694 70 802 99 RUFI

112 145 171 173 lum
183 152 240 173 non
252 145 289 172 sit
299 145 385 172 etiam
404 144 441 172 ab
456 144 593 172 invalido.
627 144 704 178 Quid
717 145 797 174 nobis
811 148 903 175 tecum
915 145 979 176 est?
1010 148 1098 177 Nun·
1108 152 1138 179 16

112 193 199 221 quam
211 189 320 214 terram
338 188 417 213 tuam
436 186 592 221 attiqimus.
614 185 671 219 Qui
686 188 739 221 sis,
765 188 843 216 unde
860 189 972 222 venias,
996 190 1099 219 licetne

112 228 253 262 iqnorare
266 227 293 254 in
308 228 395 255 vastis
407 228 486 255 silvis
498 225 676 256 viventibus?
690 228 751 257 Nec
762 230 872 258 servire
884 231 939 259 ulli
943 238 1098 266 possumus

111 276 165 297 nec
171 269 320 304 imperare
328 268 538 297 desideramus.
550 269 636 297 Dona
642 269 722 298 nobis
730 270 802 298 data
809 274 916 299 szcnt—
924 279 960 300 ne
967 271 1096 308 Scytha-
1105 277 1135 303 17

111 317 177 338 rum
185 313 298 345 pentem
311 311 427 345 igynores
434 327 475 330 —
482 311 581 345 iussum
593 311 675 339 boum
683 314 711 340 et
720 316 862 347 aratrum,
875 312 969 348 hasta,
980 315 1096 349 saqata,

108 354 225 387 patera.
248 351 302 380 His
313 353 420 380 utimur
431 355 534 380 etcum
547 353 648 380 amicis
659 355 687 381 et
697 353 839 382 aduersus
851 355 990 383 inimicos.
1011 355 1095 383 Fru-
1106 359 1137 386 18

107 401 159 428 (ses
171 394 274 422 amicis
286 393 404 428 damus,
418 393 500 422 boum
513 393 613 422 labore
625 395 788 429 quaesitas:
797 399 905 431 patera
916 404 981 425 cum
994 397 1096 426 iisdem

110 435 207 463 vinum
219 435 275 463 diis
287 435 428 463 libamus:
444 436 573 464 inimicos
585 437 692 471 saqitta
703 438 827 472 eminus,
840 437 926 466 hasta
938 439 1096 467 comminus

103 477 239 513 petimus.
275 476 325 505 Sic
336 476 442 513 Syriae
453 485 550 512 reqem
563 481 590 505 et
598 481 698 512 postea
710 478 869 507 Persarum
881 479 1094 516 Medorumque

108 519 324 554 superavimus,
345 519 498 554 patuitque
509 519 589 547 nobis
601 520 658 547 iter
669 528 759 555 usque
770 521 800 548 in
811 520 983 557 Aeqyptum.
1006 521 1045 550 At
1054 524 1092 556 tu,
1103 525 1135 551 19

108 561 160 596 qui
174 563 201 588 te
218 561 359 596 qloriaris
382 560 424 588 ad
444 561 573 589 latrones
593 562 810 597 persequendos
831 563 943 596 venire,
966 564 1094 592 omnium

106 602 242 638 qentium,
255 610 329 638 quas
340 602 442 636 adisti,
456 603 532 630 latro
544 610 583 630 es.
605 602 731 638 Lydiam
742 604 857 639 cepisti,
873 603 991 640 Syriam
1002 612 1093 634 occu-

104 645 198 679 pasti,
221 643 372 672 Persidem
384 647 474 678 tenes7
498 643 675 673 Bactrianos
686 644 775 673 habes
786 646 815 673 in
823 648 980 682 potestate,
1002 646 1093 675 Indos

101 686 217 721 petisti:
231 686 289 713 iam
296 686 383 713 etiam
395 685 437 713 ad
444 693 555 721 pecora
566 688 666 714 nostra
679 694 789 715 avaras
800 690 828 715 et
838 687 1016 716 insatiabiles
1023 696 1092 716 ma-

107 735 162 755 nus
170 727 310 763 porriqis.
346 727 423 761 Ouid
435 727 487 755 tibi
500 727 607 755 divitiis
624 735 697 763 opus
714 731 770 763 est,
793 736 869 764 quae
879 732 905 757 te
916 730 1028 757 esurire
1039 737 1092 758 co—
1100 733 1132 758 20

104 766 198 804 qunt?
232 768 351 796 Primus
371 770 497 797 omnium
527 770 658 797 satietate
677 771 798 805 parasti
815 770 941 805 famem,
967 774 1011 806 ut,
1037 779 1092 807 quo

101 811 195 847 plura
206 810 336 845 haberes,
348 811 456 844 acrius,
472 818 548 846 quae
559 818 616 839 non
627 810 724 846 habes,
736 819 868 847 cuperes.
888 812 952 840 Non
963 820 1089 841 succur-
1097 816 1128 840 21

105 853 146 880 rit
156 851 220 887 tibi,
238 852 380 888 quamdiu
391 853 502 880 circum
514 851 628 880 Bactra
640 851 786 881 haereas?
809 853 877 881 dum
898 854 962 882 illos
972 853 1088 889 subigis,

105 892 249 929 Soqdictnz'
258 893 367 922 bellare
378 897 544 929 coeperunt.
577 893 693 922 Bellum
706 894 757 923 tibi
766 902 805 923 ex
815 896 936 923 victoria
948 896 1088 924 nascitur.

106 935 182 963 Nam
193 937 225 964 ut
234 936 328 964 maior
337 935 502 971 fortiorque
513 937 568 970 sis,
585 943 672 971 quam
684 937 851 972 quisquam,
871 939 966 965 tamen
981 937 1090 964 alieni-

102 984 211 1013 qenam
222 977 368 1005 dominum
377 978 444 1013 pati
453 985 535 1005 nemo
547 978 612 1005 vult.

184 1016 251 1054 (35)
277 1017 386 1047 Transi
400 1018 485 1047 modo
508 1018 647 1047 Tanaim:
672 1019 759 1054 scies,
783 1027 870 1054 quam
888 1020 946 1047 tate
960 1022 1089 1055 pateant,
1097 1022 1130 1048 22

105 1068 254 1096 nunquam
266 1063 361 1089 tamen
374 1061 559 1096 consequeris
570 1059 703 1096 Scythas.
746 1060 911 1096 Paupertas
928 1064 1028 1089 nostra
1041 1069 1093 1089 ve-

104 1103 195 1130 locior
212 1103 281 1137 erit,
304 1110 392 1138 quam
408 1103 555 1131 exercitus
567 1105 645 1136 tuus,
669 1102 720 1137 qui
732 1102 879 1137 praedam
891 1105 930 1131 tot
941 1103 1090 1131 nationum

106 1144 190 1172 vellit,
212 1144 343 1179 Rursus,
359 1152 446 1180 quum
454 1145 561 1180 procul
572 1143 670 1172 abesse
681 1150 732 1172 nos
743 1144 859 1178 credes,
873 1144 980 1172 videbis
992 1145 1022 1172 in
1033 1145 1089 1172 tuis

104 1187 218 1214 castris.
241 1186 355 1214 Eadem
366 1187 442 1214 enim
455 1187 603 1214 velocitate
617 1188 644 1213 et
654 1186 803 1221 sequimur
813 1188 841 1213 et
848 1185 990 1220 fuyimus.
1011 1184 1088 1221 Scy-
1096 1188 1128 1214 23

105 1227 221 1255 tharum
233 1227 403 1256 solitudines
417 1227 538 1256 Graecis
552 1228 637 1255 etiam
648 1227 809 1263 proverbiis
826 1227 916 1255 audio
931 1226 1021 1255 eludi.
1055 1226 1092 1254 At

104 1277 155 1297 nos
167 1269 283 1298 deserta
295 1273 323 1297 et
332 1269 460 1297 lzumano
471 1270 550 1297 cultu
563 1276 657 1297 vacua
669 1269 763 1303 maqis
777 1276 864 1304 quam
877 1268 962 1296 urbes
972 1271 1000 1296 et
1009 1275 1087 1304 opu-
1160 1301 1162 1304 .

104 1312 194 1339 lentos
212 1318 300 1346 aqros
317 1311 473 1346 sequimur.
497 1310 626 1339 Proinde
640 1310 793 1344 fortunam
806 1314 885 1338 tuam
897 1311 1008 1345 pressis
1019 1317 1088 1338 ma—
1096 1312 1128 1338 24

104 1353 188 1381 nibus
199 1356 270 1381 tene.
293 1352 420 1381 Lubrica
432 1356 474 1380 est
484 1360 537 1381 nec
549 1353 640 1380 invita
653 1353 746 1380 teneri
753 1355 853 1387 potest.
878 1351 1003 1380 Salubre
1014 1359 1088 1379 con-

103 1395 199 1422 silium
211 1402 332 1430 sequens
343 1402 429 1429 quam
440 1402 581 1429 praesens
592 1397 702 1429 tempus
713 1394 835 1421 ostendit
845 1394 954 1421 melius.
965 1392 1087 1429 Impone

100 1435 241 1471 felicitati
253 1439 320 1464 tuae
330 1435 449 1470 frenos:
459 1435 582 1470 facilius
594 1436 674 1463 illam
688 1443 780 1470 reyes.
814 1435 914 1463 Nostri
925 1435 987 1462 sine
994 1434 1086 1470 pedi-
1096 1436 1126 1461 251

104 1477 156 1506 bus
182 1478 283 1506 dicunt
303 1485 364 1506 esse
385 1477 554 1512 fortunam,
577 1485 652 1512 quae
674 1484 778 1505 manus
799 1479 827 1505 et
844 1477 955 1512 pinnas
976 1478 1087 1504 tantum

104 1519 205 1547 habet:
228 1527 315 1554 quum
327 1527 431 1547 manus
439 1520 581 1555 porriqz't,
594 1520 704 1554 pinnas
716 1525 827 1554 quoque
841 1517 1087 1553 comprehendere

104 1568 162 1589 non
173 1562 249 1589 sinit.
282 1561 426 1596 Denique,
445 1562 472 1589 si
481 1561 553 1589 (leus
563 1569 607 1594 es,
629 1560 756 1588 tribuere
770 1559 940 1588 mortalibus
951 1558 1088 1593 beneficia
1096 1561 1130 1586 26

105 1602 204 1638 debes,
222 1610 279 1631 non
290 1610 344 1630 sua
356 1604 487 1638 eripere.-
505 1603 548 1630 sin
562 1605 657 1630 autem
670 1602 752 1630 homo
763 1610 807 1636 es,
826 1601 859 1629 id
868 1600 947 1636 quod
955 1607 993 1634 es,
1008 1606 1088 1628 sem-

102 1652 158 1680 per
174 1652 235 1672 esse
253 1647 279 1672 te
290 1645 395 1679 coyita.
429 1643 552 1672 Stultum
574 1646 629 1678 est,
653 1651 752 1672 eorum
773 1643 946 1676 meminisse,
967 1643 1090 1677 propter

104 1693 181 1722 quae
204 1687 246 1714 tui
266 1685 454 1714 obliviscaris.
498 1685 605 1719 Quibus
627 1685 730 1713 bellum
754 1691 811 1712 non
836 1683 982 1717 intuleris,
1009 1682 1089 1711 bonis
1096 1684 1129 1711 27
