1215 1895
169 67 231 98 100
512 64 546 101 Q.
569 65 725 94 CURTII
745 65 854 94 RUFI

169 151 219 172 res
235 141 354 171 animos
370 144 508 169 versant:
524 139 630 169 ruinae
644 147 744 169 rerum
761 140 893 169 subdere
908 139 977 169 illos
994 139 1108 177 capita:
1125 139 1155 169 in

170 182 338 220 perniciem
352 181 438 217 trahi,
452 189 544 218 quum
555 181 664 210 Bactra
676 185 807 217 pateant,
821 185 987 218 exceptura
998 189 1053 211 eos
1066 179 1154 210 donis

170 228 200 254 et
215 222 379 260 opulentia,
396 222 503 252 animis
521 230 612 259 quam
627 222 790 259 concipere
805 230 866 251 non
882 222 1012 259 possint.

253 264 320 301 (29)
342 264 425 293 Haec
445 263 627 300 agitantibus
649 264 818 293 Artabazus
839 263 1017 299 supervenit
1032 264 1096 293 sive
1111 267 1180 293 re·1

170 306 218 343 gis
233 306 321 336 iussu
336 305 402 334 sive
418 314 475 335 sua
489 309 616 342 sponte,
637 305 807 340 affirmans,
830 304 996 341 mitigatum
1012 312 1083 334 esse
1097 305 1156 334 Da-

170 351 255 378 reum
278 351 307 377 et
320 347 451 376 eundem
462 346 521 376 illis
533 345 683 376 amicitiae
695 346 822 383 gradum
833 349 938 383 patere
950 346 1032 383 apud
1044 353 1156 382 regem.

171 389 216 418 Illi
231 388 424 418 lacrimantes
437 396 517 418 nunc
529 395 659 425 purgare
672 395 714 423 se,
731 395 810 416 nunc
818 388 1002 417 Artabazum
1015 395 1111 423 orare,
1126 391 1159 417 ut
1167 391 1189 417 1]

172 438 296 459 causam
308 429 445 466 ipsorum
461 434 595 459 tueretur
607 437 779 466 precesque
792 430 949 465 perferret.
973 428 1023 458 Sic
1036 432 1159 465 peracta
1167 432 1188 459 1.

172 475 276 506 nocte,
300 471 356 501 sub
378 470 454 501 lucis
477 475 615 501 exortum
630 470 746 500 Bessus
763 474 791 499 et
809 470 1003 500 Nabarzanes
1019 478 1087 500 cum
1101 470 1156 499 Ba-

172 512 295 543 ctrianis
316 512 459 542 militibus
478 512 509 541 in
532 512 682 541 vestibulo
705 511 848 548 praetorii
874 512 1014 547 aderant,
1040 510 1156 541 titulum

172 553 329 584 sollemnis
356 553 451 583 officii
481 554 600 583 occulto
630 553 739 583 sceleri
768 553 986 590 praeferentes.
1030 553 1156 588 Dareus,

173 595 260 632 signo
277 595 316 624 ad
332 596 464 625 eundum
480 595 566 630 dato,
590 602 710 624 currum
727 594 853 631 pristino
870 603 954 624 more
970 593 1157 625 conscendit.

172 637 365 666 Nabarzanes
374 636 528 672 ceterique
539 635 710 673 parricidae
721 633 954 672 procumbentes
967 635 1058 671 humi,
1069 643 1159 672 quem
1168 639 1188 666 15

174 678 265 715 paulo
281 681 353 714 post
367 677 397 706 in
414 677 543 707 vinculis
559 677 689 706 habituri
705 681 799 713 erant,
816 677 988 707 sustinuere
1003 676 1158 706 venerari:
1214 680 1215 688 ¹

173 718 313 748 lacrimas
329 718 419 748 etiam
432 717 637 755 poenitentiae
648 718 766 747 indices
778 719 994 755 profuderunt:
1011 718 1089 748 adeo
1104 719 1159 748 hu-

174 760 271 790 manis
287 759 416 796 ingeniis
432 764 540 797 parata
555 759 705 789 simulatio
719 764 774 789 est.
797 760 906 789 Preces
919 760 1031 789 deinde
1044 759 1159 796 suppli·
1169 763 1188 789 1¹

175 801 248 831 citer
273 801 413 831 admotae
435 802 565 832 Dareum
592 805 698 830 natura
723 800 892 838 simplicem
918 804 948 831 et
972 800 1073 830 mitem
1098 809 1159 830 non

175 843 300 872 credere
313 843 414 878 modo,
430 851 509 879 quae
521 842 720 877 affirmabant,
733 843 789 871 sed
802 842 877 874 flere
884 842 973 872 etiam
986 844 1159 879 coegerunt.

174 887 220 913 Ac
236 892 274 914 ne
289 888 351 914 tum
368 883 489 921 quidem
505 883 627 921 cogitati
643 883 768 913 sceleris
784 883 941 920 poenituit,
958 892 1049 921 quum
1064 883 1159 913 intue-
1170 887 1188 913 1.

174 929 291 960 rentur,
315 926 434 962 qualem
457 929 486 955 et
506 933 609 962 regem
623 928 654 954 et
669 924 766 954 virum
782 924 926 954 fallerent.
970 926 1022 954 llle
1039 924 1161 962 quidem

177 974 304 996 securus
326 966 466 1004 periculi,
492 967 574 1004 quod
586 966 732 1001 instabat,
755 966 922 996 Alexandri
938 975 1062 1003 manus,
1083 974 1161 1003 quas

177 1009 262 1038 solas
277 1007 417 1044 timebat,
435 1008 570 1044 effugere
586 1008 780 1045 properabat.

612 1076 705 1105 CAP.
728 1075 777 1105 XJ.

259 1135 326 1170 (30)
348 1135 458 1164 Patron
480 1139 595 1170 autem,
617 1134 802 1165 Graecorum
819 1135 895 1170 dux,
917 1133 1074 1172 praecepit
1088 1132 1187 1170 suis,1

178 1180 210 1205 ut
224 1184 322 1211 arma,
340 1184 419 1212 quae
434 1175 463 1205 in
481 1176 609 1205 sarcinis
625 1181 713 1206 antea
729 1177 916 1211 serebantur,
933 1176 1108 1211 induerent,
1124 1176 1164 1205 ad

179 1225 267 1247 omne
282 1216 442 1254 imperium
458 1226 547 1247 suum
562 1217 659 1254 parati
675 1221 704 1247 et
718 1217 832 1247 intentI.
861 1218 932 1254 lpse
948 1225 1068 1247 currum
1082 1216 1187 1254 regisfl

179 1259 380 1295 sequebatur,
403 1258 560 1288 occasioni
574 1258 734 1288 imminens
750 1258 925 1295 alloquendi
940 1267 1023 1289 eum:
1048 1258 1164 1296 quippe

178 1299 268 1329 Bessi
280 1299 397 1329 facinus
410 1304 635 1336 praesenserat.
661 1299 722 1329 Sed
732 1300 850 1330 Bessus
862 1299 893 1329 id
904 1299 1005 1337 ipsum
1016 1305 1163 1336 metuenS,

180 1345 284 1370 custos
299 1340 402 1371 verius
419 1349 509 1377 quam
524 1349 643 1376 comeS‚
667 1350 685 1370 a
707 1350 796 1372 curru
818 1350 878 1372 non
900 1342 1072 1372 recedebat.
1108 1341 1187 1372 Diua

180 1390 253 1419 ergo
265 1382 373 1411 Patron
387 1386 544 1412 cunctatus
556 1391 592 1412 ac
605 1382 730 1419 saepius
747 1391 887 1413 sermone
902 1388 1073 1420 revocatus,
1088 1384 1165 1413 Inter

180 1424 271 1452 fidem
284 1423 482 1460 timoremque
494 1423 657 1460 haesitans,
668 1432 771 1461 regem
782 1425 961 1455 intuebatur.
984 1425 1040 1461 Qui
1056 1429 1088 1455 ut
1101 1427 1186 1455 tan-4

181 1465 250 1493 dem
272 1464 400 1494 advertit
421 1465 546 1501 oculos,
567 1465 712 1495 Bubacen
727 1467 897 1503 spadonem
916 1466 993 1497 inter
1007 1465 1165 1503 proximos

181 1514 301 1535 currum
318 1510 496 1543 sequentem
511 1507 683 1543 percontari
699 1507 789 1545 iubet,
804 1508 951 1545 numquid
962 1507 1022 1545 ipsi
1037 1507 1109 1537 velit
1120 1507 1163 1537 di-

181 1554 259 1576 cere.
281 1547 390 1577 Patron
408 1556 441 1577 se
456 1556 545 1584 vero,
562 1549 618 1579 sed
629 1549 753 1579 remotis
769 1550 889 1580 arbitris
901 1548 986 1586 loqui
1002 1549 1080 1579 velle
1096 1557 1165 1579 cum

182 1596 218 1617 eo
235 1588 408 1625 respondit:
435 1589 601 1627 iussusque
616 1590 744 1627 propius
760 1591 908 1621 accedere
923 1590 989 1620 sine
1001 1590 1164 1628 interprete

181 1631 264 1676 (nam
280 1630 360 1660 haud
376 1630 461 1660 rudis
478 1631 748 1669 Graecaedinguae
762 1633 879 1663 Dareus
900 1636 992 1668 erat),
1014 1632 1097 1669 Rex,
1117 1631 1186 1662 isi-5

183 1675 254 1707 quit,
270 1679 310 1700 esc
319 1671 344 1701 L
355 1673 469 1702 milibus
482 1674 661 1704 Graecorum
675 1682 865 1711 supersumus
874 1675 979 1712 pauci,
991 1675 1083 1704 omnis
1091 1673 1163 1710 sor-
