1215 1905
146 107 207 136 222
488 107 522 143 Q.
546 107 705 136 CURTII
728 108 837 137 RUFl

145 186 213 210 nota
238 186 313 210 sunt.
362 183 460 210 Paene
485 183 515 210 in
540 184 638 211 ultimo
661 183 765 212 mundi
781 184 839 218 fine
865 186 1050 213 consistimus.
1089 185 1126 214 In
1139 189 1157 214 8

145 226 236 252 alium
247 224 343 252 orbem
350 231 447 259 paras
458 224 501 252 ire
513 227 541 252 et
549 224 669 253 Indiam
681 226 806 260 quaeris,
821 225 906 254 Indis
917 234 1028 261 quoque
1041 228 1127 262 iyno-

145 270 220 292 tam.-
236 266 311 293 inter
320 264 408 299 feras
424 268 627 301 serpentesque
645 266 779 301 deqentes
797 274 901 295 eruere
917 275 956 295 esc
968 267 1086 296 latebris
1101 271 1129 297 et

143 306 284 334 cubilibus
297 307 357 334 suis
367 307 488 342 expetis,
507 310 539 335 ut
547 308 645 342 plura,
665 315 752 343 quam
765 309 809 336 sol
827 308 910 343 videt,
929 309 1049 337 victoria
1063 310 1127 338 lus-

144 351 211 376 tres.
250 347 350 383 Diona
368 356 493 383 prorsus
507 349 641 383 cogitatio
658 350 755 377 animo
771 352 833 385 tuo,
848 349 902 378 sed
919 351 1006 378 altior
1023 353 1127 379 nostro.
1140 353 1157 378 9

153 389 251 417 Virtus
260 390 337 417 enim
350 392 400 417 tua
412 397 526 425 semper
541 391 570 417 in
588 391 764 419 incremento
775 391 838 425 erit,
854 394 953 419 nostra
971 392 1013 419 vis
1025 392 1082 420 iam
1098 393 1127 419 in
1182 426 1183 430 Ἰ

140 431 200 465 fine
214 434 263 459 est.
305 430 425 460 Intuere
448 438 574 466 corpora
598 433 776 467 exsanquia,
792 436 830 460 tot
843 432 981 468 perfossa
996 434 1128 461 vulneri-
1136 436 1183 461 10*
1212 441 1215 461 2

144 472 204 505 bus,
220 476 258 500 tot
270 472 455 500 cicatricibus
462 473 574 508 putria.
606 473 672 501 Iam
687 475 743 501 tela
755 474 865 502 hebetia
880 478 954 508 sunt,
970 475 1028 502 iam
1041 481 1126 502 arma

144 513 289 547 deficiunt.
340 514 449 542 Vestem
469 514 617 542 Persicam
632 515 786 549 induimus,
805 516 873 550 quia
888 515 1045 544 domestica
1055 515 1126 544 sub-

143 555 209 583 vehi
219 562 275 583 non
288 558 387 590 potest.
430 555 468 583 In
482 559 635 584 externum
647 556 886 591 deqeneravimus
896 557 1012 585 cultum.
1046 556 1123 590 Quo—
1135 559 1164 585 11

143 597 274 631 tocuique
294 597 386 624 lorica
406 595 468 625 est?
495 598 558 632 quis
572 605 675 632 equum
692 595 797 625 habet?
824 598 888 626 iube
901 599 1019 633 quaeri,
1037 605 1124 633 quam

143 638 246 665 multos
257 639 335 665 servi
346 638 474 673 ipsorum
486 640 635 673 persecuti
648 640 718 672 sint,
733 639 805 674 quid
821 640 924 674 cuique
942 639 1070 675 supersit
1086 647 1126 668 ex

142 678 269 714 praeda.
314 678 444 707 Omnium
463 681 582 707 victores
598 681 722 707 omnium
737 681 836 715 inopes
849 688 956 708 sumus.
997 680 1058 708 Nec
1074 681 1124 708 lu—

142 721 234 748 xuria
248 720 430 755 laboramus,
449 721 503 748 sed
514 721 585 749 bello
602 722 790 749 instrumenta
808 721 876 750 belli
888 722 1123 758 consumpsimus.

143 761 229 789 Hunc
257 764 287 789 tu
305 762 537 797 pulcherrimum
562 763 722 790 exercitum
745 763 855 791 nudum
876 764 991 792 obiicies
1015 760 1126 791 beluis?
1134 765 1166 790 12

142 810 267 838 quarum
281 807 311 831 ut
321 803 530 831 multitudinem
545 807 673 838 auqeam
687 804 723 832 de
740 804 884 832 industria
902 804 1031 838 barbari,
1055 812 1123 831 ma—

139 851 230 879 ynum
252 847 347 872 tamen
371 853 432 872 esse
456 852 607 872 numerum
630 846 716 872 etiam
743 853 782 873 ex
806 845 958 874 mendacio
985 846 1121 880 intelliqo.

144 885 253 918 Quodsi
269 886 367 913 adhuc
375 888 533 920 penetrare
551 887 580 913 in
592 885 712 913 Indiam
724 889 833 914 certum
844 890 893 920 est,
909 887 989 922 reqio
1001 895 1020 914 α
1031 887 1122 914 meri-
1131 888 1164 913 13
1210 896 1215 915 ·.

142 927 189 954 die
206 927 301 954 minus
318 930 401 954 vasta
418 929 475 954 est:
501 934 558 962 qua
579 927 699 955 subacta
716 927 810 955 licebit
828 928 986 956 decurrere
1000 928 1030 956 in
1049 927 1125 955 illud

140 975 231 1000 mare,
248 968 326 1002 quod
338 968 423 995 rebus
434 967 568 995 humanis
582 968 734 996 terminum
746 970 834 996 voluit
843 976 904 997 esse
914 972 1031 996 natura.
1065 968 1123 996 Cur
1133 971 1164 996 14

140 1010 265 1037 circuitu
279 1009 356 1044 petis
370 1009 505 1043 qloriam,
521 1016 595 1044 quae
607 1009 648 1036 ad
662 1016 779 1037 manum
788 1011 887 1045 posita
903 1008 966 1038 est?
987 1010 1035 1038 hic
1048 1016 1122 1045 quo-

142 1058 196 1085 que
211 1051 340 1078 occurrit
352 1049 490 1078 Oceitnus.
533 1049 598 1077 Nisi
613 1051 704 1078 mavis
720 1058 838 1085 errare,
848 1051 1049 1086 pervenimus,
1067 1057 1122 1085 quo

141 1096 192 1119 tua
203 1091 328 1126 fortuna
347 1091 434 1120 ducit.
477 1091 559 1120 Haec
574 1094 679 1126 tecum,
698 1099 785 1127 quam
799 1093 861 1120 sine
881 1096 908 1120 te
921 1100 986 1120 cum
1003 1092 1061 1126 his,
1076 1092 1123 1119 lo-
1131 1093 1162 1119 15

141 1133 192 1167 qui
211 1134 310 1167 malui,
336 1140 394 1161 non
415 1133 459 1160 uti
472 1134 576 1161 inirem
591 1134 803 1161 circumstantis
825 1135 971 1162 exercitus
982 1134 1120 1168 qratiam,

141 1174 195 1202 sed
210 1177 241 1202 ut
258 1182 352 1202 vocem
367 1175 540 1209 loquentium
556 1175 654 1210 potius
670 1182 757 1210 quam
774 1176 911 1209 yemitum
929 1181 1122 1203 murmuran-

141 1217 210 1243 tium
227 1216 355 1243 audires.

225 1255 291 1290 (13)
312 1255 351 1284 Ut
365 1257 455 1284 tinen]
471 1255 598 1285 orationi
615 1256 734 1285 Coenus
757 1256 914 1292 imposuit,
937 1257 1049 1284 elamor
1069 1264 1122 1284 un-
1132 1259 1163 1285 16
1180 1260 1181 1263 ’

142 1296 234 1333 dique
251 1305 317 1325 eun}
334 1298 451 1333 ploratu
469 1297 569 1331 oritur,
591 1305 702 1333 regem,
730 1302 853 1333 patrem,
881 1297 1034 1326 dominum
1051 1304 1121 1325 eon-

142 1338 217 1367 susis
234 1338 449 1375 appellantium
464 1338 602 1367 vocibus.
643 1339 765 1374 lamque
787 1343 816 1368 et
830 1338 880 1367 alii
896 1339 991 1367 duces
1007 1337 1121 1374 praeoi-
1132 1341 1162 1368 17

141 1387 265 1416 pueque
281 1379 435 1415 seniores,
462 1379 530 1415 quis
547 1380 585 1408 ob
606 1384 734 1409 aetatem
750 1384 779 1409 et
794 1379 950 1409 excusatio
966 1379 1123 1409 honestior

141 1425 205 1450 erat
231 1425 260 1450 et
285 1420 448 1450 auctoritas
473 1420 577 1456 maior,
606 1421 713 1450 eadem
738 1421 949 1457 precabantur.
990 1418 1042 1449 Ille
1069 1428 1123 1449 nee
1133 1422 1164 1448 18

141 1462 291 1499 castigare
318 1462 485 1491 obstinatos
512 1470 567 1490 nec
588 1462 724 1498 mitigare
740 1466 857 1498 poterat
871 1461 974 1491 iratos.
1017 1462 1122 1498 Itaque

141 1504 232 1540 inops
249 1503 367 1532 consilii
383 1502 504 1533 desiluit
519 1511 535 1532 e
551 1503 690 1532 tribunali
713 1503 874 1540 claudique
895 1503 1009 1539 regiam
1023 1502 1121 1537 iussit,

141 1545 280 1574 omnibus
296 1550 416 1581 praeter
430 1548 574 1574 assuetos
595 1545 679 1573 adire
701 1545 869 1581 prohibitis.
912 1544 1042 1574 Biduum
1061 1543 1123 1573 irae
1132 1547 1165 1574 19

141 1587 242 1615 datum
272 1590 333 1615 est:
369 1586 455 1615 tertio
485 1585 534 1615 die
563 1586 714 1622 processit
742 1586 878 1622 erigique
905 1586 959 1614 XII
986 1593 1055 1614 aras
1084 1592 1122 1613 ex

141 1628 287 1664 quadrato
319 1636 410 1662 saxo,
436 1631 662 1657 monumentum
687 1627 890 1664 expeditionis
912 1634 1000 1661 suae,
1027 1625 1122 1654 muni-

141 1673 241 1697 menta
267 1677 391 1705 quoque
418 1673 585 1698 castrorum
611 1668 699 1698 iussit
723 1669 844 1698 extendi
866 1668 1036 1704 cubiliaque
1061 1675 1123 1696 am-

140 1709 247 1747 plioris
264 1710 392 1745 formae,
420 1718 509 1745 quam
529 1719 585 1746 pro
605 1718 766 1746 corporum
782 1709 898 1744 habitu,
924 1708 1068 1745 relinqui,
1092 1711 1123 1737 ut

1165 1822 1180 1905 ‘'ks-l
1170 1776 1173 1781 N
1172 1736 1177 1739 »
