1215 1905
168 95 229 126 180
509 96 542 131 Q.
566 95 722 124 CURTII
742 95 849 125 RUFI

167 175 218 200 est.
241 171 302 205 Quo
313 178 391 199 nunc
401 178 432 199 se
442 169 574 205 conferet
587 171 694 199 misera
702 168 717 199 ,7
734 170 870 199 Omnibus
880 172 942 200 eius
953 180 1028 201 unus
1040 180 1149 209 super-
1161 176 1179 203 9

168 220 245 247 sum,
267 219 351 247 quem
371 213 463 240 solum
484 213 585 247 aequis
603 213 694 240 oculis
710 212 809 241 videre
826 220 883 241 non
891 214 1007 248 poterit.
1040 213 1079 242 Et
1088 221 1149 249 eqo,
1176 235 1183 240 .

167 257 348 282 servatorum
369 260 497 281 meorum
513 254 604 287 latro,
626 256 760 281 revertar
773 254 804 282 in
813 254 958 289 patriam,
981 257 1060 282 utne
1070 255 1150 284 dex-

169 298 245 323 tram
267 294 381 330 quidem
404 294 512 323 nutrici
533 295 595 322 sine
612 295 750 323 memoria
771 296 947 324 calamitatis
963 296 1026 324 eius
1042 295 1151 331 offerre
1204 325 1214 332 ,

167 333 290 371 possim!
323 335 359 364 Et
384 343 475 371 quum
501 334 570 363 finis
595 334 726 363 lacrimis
753 336 947 372 querelisque
973 344 1034 365 non
1056 335 1173 372 fieret,1

170 377 255 405 iussu
277 376 441 405 amicorum
464 383 575 412 corpus
591 376 722 405 ablatum
738 381 792 406 est.
834 377 900 406 Rex
915 376 1045 406 triduum
1059 377 1151 406 iacuit

169 417 314 447 inclusus.
349 417 441 453 Quem
457 422 488 446 ut
503 417 640 454 armigeri
657 417 858 454 corporisque
874 419 1018 447 custodes
1034 418 1073 447 ad
1088 427 1149 447 mo-
1160 423 1186 448 11

168 459 307 488 riendum
323 458 505 488 obstinatum
522 467 591 488 esse
607 464 830 495 cognoverunt,
852 459 987 488 universi
1007 459 1036 488 in
1052 459 1149 489 taber-

169 501 309 529 naculum
334 499 502 536 irrumpunt
523 500 636 536 diuque
658 500 799 537 precibus
822 500 958 537 ipsorum
973 501 1150 530 reluctatum

169 550 260 578 aegre
277 540 426 577 vicerunt,
447 546 478 571 ut
499 540 599 570 cibum
615 546 745 578 caperet.
789 542 916 578 Quoque
932 541 1030 571 minus
1047 542 1173 571 caedisl
1205 555 1214 580 g

170 584 305 619 puderet,
318 583 381 612 iure
393 583 582 612 intersectum
599 583 704 612 Clitum
714 583 897 613 Macedones
911 584 1085 619 decernunt,
1101 591 1149 612 se-

170 625 290 660 pultura
306 633 429 660 quoque
445 624 633 660 prohibituri,
650 625 679 653 ni
694 633 750 653 rex
763 624 879 654 humari
894 624 1045 654 iussisset.

252 664 297 701 (7)
326 666 417 702 Igitur
443 666 549 694 decem
571 665 679 695 diebus
699 666 829 695 maxime
851 666 890 695 ad
911 666 1150 695 confirmandum
1159 669 1185 695 1η

171 708 317 743 pudorem
333 708 414 743 apud
433 707 617 736 Maracanda
632 707 830 743 consumptis,
846 715 914 736 cum
929 712 1015 745 parte
1033 706 1149 736 exerei-

170 754 217 778 tus
233 748 488 785 Hephaestionem
511 748 539 777 in
562 748 717 784 regionem
737 748 927 778 Bactrianam
948 748 1043 784 misit,
1069 756 1149 777 com-

171 794 285 818 meatus
300 789 329 818 in
345 789 473 819 hiemem
490 794 672 826 paraturum.
702 790 796 826 Quam
812 790 886 819 Clito
903 795 1002 819 autem
1018 789 1149 819 destina·
1159 793 1172 818 1

171 836 254 860 verat
270 831 471 867 provinciam,
491 833 640 868 Amyntae
655 831 752 860 dedit:
766 831 833 867 ipse
847 831 987 867 Xenippa
1001 830 1147 867 pervenit.

170 872 313 909 Scythiae
335 872 462 901 confinis
485 877 532 901 est
551 872 634 909 regio
656 872 866 908 habitaturque
885 872 1023 908 pluribus
1039 879 1074 900 ac
1091 872 1147 900 sre-

171 913 331 950 quentibus
346 913 437 948 vicis,
461 913 531 949 quia
551 914 672 943 ubertas
688 918 785 943 terrae
801 922 860 943 non
883 913 1041 949 indigenas
1057 913 1147 943 modo
1213 933 1215 938 ,

170 955 295 989 detinet,
313 955 368 983 sed
385 955 472 984 etiam
488 956 623 984 advenas
638 954 751 983 invitat.
773 955 1001 983 Bactrianorum
1018 954 1172 988 exulum,1
1207 970 1210 974 ·

171 996 222 1033 qui
243 996 280 1025 ab
301 997 476 1025 Alexandro
498 997 685 1030 defecerant,
708 996 933 1032 receptaculum
949 996 1054 1024 suerat.
1087 994 1149 1023 Sed

171 1041 332 1074 postquam
347 1046 449 1074 regem
465 1038 629 1066 adventare
645 1042 831 1073 compertum
847 1042 901 1072 est,
917 1035 998 1073 pulsi
1013 1036 1051 1065 ab
1066 1035 1148 1065 inco-

171 1079 207 1108 lis
223 1080 247 1107 ll
263 1078 342 1108 milia
360 1080 421 1108 sere
437 1084 466 1108 et
482 1079 637 1115 quingenti
652 1083 882 1115 congregantur.
906 1077 1017 1107 Omnes
1032 1077 1171 1114 equitesl

171 1125 269 1154 erant,
287 1121 375 1149 etiam
391 1120 419 1149 in
437 1129 514 1156 pace
529 1120 693 1150 latrociniis
709 1119 838 1149 assueti:
861 1124 923 1149 tum
938 1118 1052 1148 ferocia
1066 1118 1148 1154 inge—

170 1162 220 1190 nia
235 1170 295 1191 non
311 1162 421 1191 bellum
437 1162 537 1196 modo,
555 1163 611 1191 sed
626 1162 714 1191 etiam
730 1161 836 1190 veniae
852 1160 1025 1197 desperatio
1041 1160 1147 1189 effera-

170 1209 263 1233 verat.
306 1204 410 1239 ltaque
427 1212 464 1232 ex
482 1203 646 1239 improviso
668 1202 765 1232 adorti
780 1203 957 1240 Amyntam,
979 1205 1149 1238 praetorem
1213 1223 1215 1230 .

169 1244 345 1279 Alexandri,
358 1245 409 1273 diu
422 1253 537 1280 anceps
549 1244 696 1281 proelium
709 1245 856 1272 fecerant:
872 1244 911 1272 ad
923 1243 1066 1278 ultimtun,
1079 1241 1151 1271 DCC
1159 1245 1182 1271 Γ
1214 1266 1215 1269 ,

171 1294 294 1315 suorum
315 1285 451 1319 amissis,
475 1294 603 1321 quorum
620 1285 687 1314 CCC
702 1284 799 1313 hostis
815 1284 909 1320 cepit,
932 1285 1044 1313 dedere
1065 1287 1149 1319 terga

170 1326 350 1363 victoribus,
376 1327 454 1355 haud
478 1335 551 1356 sane
572 1327 670 1356 inulti:
699 1325 812 1362 quippe
833 1325 936 1354 LXXX
950 1324 1149 1354 Macedonum

170 1368 397 1403 interfecerunt,
421 1373 601 1404 praeterque
626 1376 681 1398 eos
703 1366 770 1395 CCC
787 1371 815 1395 et
829 1367 850 1394 L
867 1366 962 1395 saucii
983 1365 1053 1395 facti
1068 1369 1147 1395 sunt.

170 1409 297 1438 Veniam
319 1414 416 1438 tamen
441 1409 530 1438 etiam
551 1414 622 1446 post
641 1410 765 1438 alteram
788 1407 988 1437 desectionem
1010 1407 1180 1444 impetra-li

172 1455 285 1480 rerunt.

253 1492 298 1528 (8)
314 1492 368 1521 His
381 1492 409 1520 in
423 1492 513 1521 fidem
525 1490 667 1527 acceptis„
685 1491 713 1519 in
730 1490 893 1526 regionem,
911 1498 1001 1526 quam
1016 1489 1149 1519 Nautaca
1157 1493 1178 1518 l.

171 1534 332 1569 appellant,
349 1542 402 1562 rex
420 1542 486 1562 cum
502 1537 564 1562 toto
581 1532 716 1562 exercitu
730 1532 822 1561 venit.
855 1531 998 1568 Satrapes
1013 1534 1077 1559 erat
1091 1530 1147 1567 Sy-

170 1575 331 1609 simIthres‚
348 1575 468 1604 duobus
481 1583 519 1603 ex
536 1582 591 1603 sua
605 1578 699 1603 matre
712 1574 781 1602 filiis
797 1573 920 1610 genitis:
939 1572 1052 1609 quippe
1066 1571 1148 1607 apud

172 1624 225 1645 eos
242 1616 417 1652 parentibus
432 1620 537 1652 stupro
553 1615 635 1645 coire
651 1623 718 1644 cum
733 1614 835 1643 liberis
851 1615 896 1643 fas
912 1618 966 1643 est.
998 1613 1036 1646 ls,
1053 1616 1179 1641 arma-2(

171 1657 209 1686 tis
225 1658 439 1693 popularibus,
456 1659 560 1686 fauces
576 1656 725 1693 regionis,
749 1664 808 1693 qua
822 1655 852 1684 in
868 1653 1049 1684 artissimum
1066 1652 1148 1690 cogi-

170 1703 232 1734 tur,
259 1699 358 1727 valido
383 1699 566 1728 munimento
588 1702 735 1735 sepserat.
777 1695 1010 1726 Praeterfluebat
1031 1700 1148 1724 torrens
