1215 1905
161 109 222 140 182
499 108 532 144 Q.
555 107 710 137 CURTII
730 107 838 136 RUFI

161 185 243 222 quod
259 184 386 213 Oxartes
398 182 588 220 promiserat.
613 182 694 217 Rex,
711 181 812 218 equite
827 182 1011 219 praemisso,
1027 183 1076 220 qui
1092 186 1179 212 ris-32

159 225 235 255 verti
251 233 305 254 eos
327 224 443 254 iuberet
457 223 652 260 opperirique
674 223 876 260 praesentiam
893 223 1005 260 ipsius,
1031 231 1136 261 super-

161 267 255 296 venit:
273 270 302 295 et
316 265 445 295 victimis
459 265 614 294 Minervae
628 272 664 293 ac
679 264 832 294 Victoriae
849 265 963 300 caesis,
979 264 1137 301 imperium

161 307 334 346 Sysirnithri
348 306 486 342 restituit,
504 314 560 343 spe
574 305 696 335 maioris
712 305 801 336 etiam
817 306 992 343 provinciae
1008 307 1094 342 sacta,
1109 306 1136 336 si

161 357 229 378 cum
244 349 305 378 fide
319 348 478 378 amicitiam
493 347 590 384 ipsius
606 347 760 376 coluisset.
783 349 867 377 Duos
882 348 922 376 illi
935 347 1072 383 iuvenes,
1087 351 1181 384 pti-33

161 395 205 420 tre
221 390 365 426 tradente,
382 398 487 419 secum
501 388 680 418 militaturos
696 389 784 426 sequi
799 389 897 418 iussit.

243 431 310 466 (10)
324 432 440 461 Relicta
455 430 565 460 deinde
581 430 739 467 phalange,
755 431 794 460 ad
807 431 1003 467 subigendos,
1020 430 1072 467 qui
1087 431 1138 460 de-

161 474 309 509 fecerant,
336 481 402 502 cum
431 473 531 509 equite
555 472 715 508 processit.
758 473 893 501 Arduum
916 477 946 502 et
966 472 1139 509 impeditum
1147 475 1181 502 34

161 514 244 544 saxis
259 514 315 544 iter
329 514 425 551 primo
442 519 594 550 utcunque
609 514 785 543 tolerabant.
828 514 900 542 Mox
916 522 1062 550 equorum
1078 521 1138 543 non

159 556 280 592 ungulis
296 556 388 585 modo
404 555 526 590 attritis,
549 555 604 584 sed
620 555 801 591 corporibus
818 555 908 584 etiam
924 555 1069 592 fatigatis,
1091 563 1138 584 se-

161 598 212 634 qui
228 597 365 634 plerique
381 606 440 627 non
458 600 604 633 poterant,
619 601 649 626 et
663 596 760 626 rarius
776 597 905 626 subinde
916 604 1023 634 agmen
1039 596 1137 631 fiebat,

160 640 324 676 pudorem,
345 644 378 668 ut
393 640 455 668 fere
471 638 512 673 fit,
527 637 690 667 immodico
706 638 810 667 labore
826 638 974 668 vincente.
1016 639 1084 668 Rex
1098 640 1180 667 tal—35

159 689 228 709 men
251 680 379 710 subinde
401 688 498 716 equos
517 683 636 708 mutans
659 679 725 709 sine
745 679 968 710 intermissione
989 679 1138 717 fugientes

159 721 385 758 insequebatur.
407 721 530 750 Nobiles
546 720 671 750 iuvenes
688 721 824 751 comitari
838 730 907 751 eum
922 721 1002 751 soliti
1018 722 1137 751 defece-

158 769 226 792 rant
241 767 360 800 praeter
374 762 553 799 Philippum.
596 762 769 800 Lysimachi
788 767 852 793 erat
871 764 976 800 frater,
1002 767 1062 793 tum
1078 762 1137 799 pri-

159 813 239 834 mum
255 805 375 834 adultus
388 808 432 839 et,
456 804 538 841 quod
554 804 641 833 facile
656 809 831 841 appareret,
852 804 964 834 indolis
978 812 1073 834 rarae.
1109 804 1179 833 1s36

160 846 266 882 pedes,
282 845 457 875 incredibile
473 846 563 881 dictu,
579 853 634 881 per
646 846 669 874 D
683 845 780 874 stadia
795 850 913 875 vectum
928 854 1029 882 regem
1045 844 1136 875 comi-

158 892 238 917 tatus
260 892 321 923 est,
347 895 440 924 saepe
462 895 573 923 equum
590 895 677 916 suum
694 887 839 916 offerente
855 886 1052 925 Lysimacho:
1080 894 1137 915 nec

158 934 257 958 tamen
267 951 274 964 ,
295 932 327 958 ut
342 928 550 965 digrederetur
565 937 583 957 a
598 936 684 964 rege,
705 928 785 957 effici
802 929 912 964 potuit,
937 937 1028 964 quum
1043 927 1137 957 lorica

159 969 282 999 indutus
302 978 385 999 arma
402 974 542 1006 gestaret.
584 970 680 1003 Idem,
705 978 796 1005 quum
817 974 995 1006 perventum
1010 973 1094 999 esset
1107 969 1177 999 in37

160 1012 277 1047 saltum,
292 1011 321 1040 in
340 1020 399 1047 quo
416 1019 450 1039 se
465 1010 585 1040 barbari
601 1010 793 1046 abdiderant,
809 1011 939 1040 nobilem
955 1010 1050 1040 edidit
1064 1017 1138 1047 pug-

159 1061 228 1082 nam
244 1060 407 1089 regemque
424 1052 592 1081 comminus
609 1060 676 1081 eum
692 1052 780 1081 hoste
792 1052 982 1081 dimicantem
997 1051 1137 1088 protexit.

159 1094 220 1124 Sed
243 1099 404 1131 postquam
425 1093 544 1123 barbari
566 1093 594 1122 in
617 1094 717 1130 fugam
740 1093 830 1122 effusi
851 1094 1014 1123 deseruere
1035 1093 1179 1127 silvas,38

159 1137 286 1171 animus,
302 1135 393 1172 quiin
407 1136 516 1165 ardore
529 1143 649 1172 pugnae
665 1143 777 1171 corpus
790 1139 1021 1170 sustentaverat,
1036 1133 1138 1170 liquit:

159 1177 321 1214 subitoque
340 1185 378 1206 ex
400 1177 539 1206 omnibus
565 1176 708 1205 membris
735 1177 860 1212 profuso
887 1177 999 1206 sudore
1020 1175 1137 1205 arboris

158 1219 316 1256 proximae
333 1218 425 1255 stipiti
441 1227 474 1248 se
490 1217 644 1254 applicuit.
681 1218 812 1253 Deinde,
829 1226 866 1246 ne
881 1217 931 1247 illo
949 1217 1070 1254 quidem
1085 1216 1137 1246 ad-
1146 1219 1179 1246 39
1213 1221 1215 1243 3

158 1260 299 1289 miniculo
326 1260 508 1294 sustinente,
535 1259 674 1288 manibus
700 1259 780 1295 regis
802 1263 949 1295 exceptus
975 1262 1036 1293 est,
1062 1258 1138 1287 inter

159 1310 235 1338 quas
258 1302 413 1337 collapsus
434 1300 625 1337 extinguitur.
668 1300 815 1330 Maestum
836 1308 937 1336 regem
959 1300 1037 1329 alius
1059 1299 1180 1329 haud4⁰=

158 1342 234 1372 levis
255 1343 342 1372 dolor
363 1342 492 1379 excepit.
536 1341 678 1379 Erigyius
699 1342 776 1371 inter
797 1342 895 1371 claros
914 1342 1009 1371 duces
1026 1341 1136 1370 suerat:

159 1392 248 1421 quem
261 1383 424 1413 extinctum
437 1392 515 1419 esse,
533 1384 622 1420 paulo
635 1388 796 1420 antequam
808 1388 1010 1413 reverteretur
1025 1382 1054 1411 in
1071 1390 1137 1412 cas-

158 1431 216 1461 tra,
239 1425 390 1462 cognovit.
430 1425 594 1461 Utriusque
616 1425 705 1454 funus
721 1424 801 1454 omni
817 1429 964 1461 apparatu
979 1428 1069 1460 atque
1085 1424 1138 1453 ho-

159 1476 232 1496 nore
249 1467 430 1496 celebratum
448 1471 502 1496 est.

590 1533 643 1561 CA
652 1533 682 1561 P.
705 1533 752 1561 Ill.

240 1593 308 1629 (11)
330 1593 430 1622 Dahas
446 1592 556 1622 deinde
573 1596 717 1622 statuerat
731 1596 851 1628 petere:
867 1591 908 1620 ibi
924 1599 1054 1627 namque
1069 1589 1137 1627 spi<
1151 1597 1165 1620 l

157 1635 296 1663 tamenen
319 1643 389 1663 esse
410 1639 604 1671 cognoverat.
648 1633 710 1663 Sed
729 1634 808 1662 hane
830 1641 953 1670 quoque
968 1631 1138 1669 expeditio-

157 1684 234 1711 nem,
251 1680 284 1705 ut
298 1676 445 1712 pleraque
459 1676 532 1711 alia,
550 1676 669 1705 fortuna
683 1675 867 1711 indulgendo
883 1674 911 1703 ei
923 1681 1077 1710 nunquam
1094 1674 1136 1702 l'a-

156 1716 249 1754 tigata
264 1725 318 1753 pro
335 1717 460 1746 absente
475 1716 620 1753 transegit
653 1716 842 1753 Spitamenes
853 1715 959 1745 uxoris
974 1713 1135 1744 immodico
1149 1718 1167 1744 2
1214 1718 1215 1740 3
