1215 1905
186 94 258 122 LlB.
274 93 309 121 X.
327 91 407 121 CAP.
423 92 474 126 Vl,
489 89 645 120 Β-σΑΡ.
660 89 725 125 Vll,
740 92 766 118 5.
783 98 822 124 μς,
836 98 920 119 19-22.
933 97 970 123 z.1
1041 86 1103 117 263

106 176 198 206 quem
214 167 377 197 Perdiccae
394 164 545 196 cunctatio
562 169 711 199 erexerat,
732 164 792 193 Nec
807 163 851 193 dii
866 164 977 198 sierint,
995 161 1102 199 inquit,

105 214 138 240 ut
151 210 322 240 Alexandri
331 208 458 244 fortuna
479 208 609 243 tantique
629 207 718 242 requi
733 205 890 242 fastiyium
912 207 943 234 in
958 206 1026 235 istos
1043 205 1095 233 hu-

106 260 201 282 meros
213 256 300 281 ruat:
314 251 444 280 homiues
455 252 535 278 certe
549 257 607 277 non
619 248 729 284 serent.
774 247 858 276 Nihil
876 247 943 276 dico
964 247 1001 276 de
1017 246 1104 276 nobi-

106 294 237 328 Haribus,
263 300 351 330 quam
372 292 420 321 hic
439 295 490 326 est,
516 290 570 320 sed
590 290 627 319 de
647 291 718 318 viris
738 292 859 323 tantum,
885 289 989 326 quibus
1008 289 1105 317 invitis

65 339 98 366 21
110 336 185 365 nihil
195 335 316 372 perpeti
328 341 443 363 necesse
457 335 507 362 est.
547 332 607 361 Nec
622 340 690 361 vero
704 332 832 365 interest,
847 331 988 360 Roxanes
1000 331 1103 366 filium,

107 377 285 414 quandoque
297 377 412 412 penitus
426 375 490 409 erit,
503 382 541 402 an
558 373 733 403 Perdiccam
749 381 848 409 reqem
860 373 1001 407 habeatis,
1016 380 1104 408 quum

107 421 160 448 iste
174 419 226 448 sub
241 419 346 448 tutelae
366 418 462 454 specie
475 423 598 451 reqnum
614 420 812 452 occupaturus
827 416 871 444 sit.
901 414 1007 451 Itaque
1021 422 1104 443 nemo

108 462 137 490 ei
149 469 206 490 rex
215 462 325 497 placet,
341 460 400 488 nisi
412 459 464 494 qui
474 457 603 486 nondum
618 460 706 486 natus
720 460 770 492 est,
791 461 819 486 e!
833 458 862 485 in
878 459 962 485 tanta
976 457 1103 485 omnium

105 502 295 538 festinatione
315 508 372 530 non
394 502 471 529 iusta
490 499 591 534 modo,
613 499 666 528 sed
685 500 774 528 etiam
794 499 964 528 necessaria
985 502 1105 527 exactos

107 551 220 573 menses
239 545 317 572 som
335 544 475 580 expectat
494 545 522 570 et
540 542 600 570 iam
621 541 749 575 divinat,
777 548 888 569 marem
909 548 971 569 esse
996 547 1104 568 conce—

66 589 100 615 22
101 589 186 623 ptum
195 597 204 614 :
219 593 303 622 quem
316 591 366 613 vos
381 584 514 612 dubitetis
526 586 668 619 paratum
684 591 745 611 esse
760 583 804 611 vel
817 579 965 610 subdere?
992 580 1027 610 Si
1039 589 1104 610 me·-

108 627 264 663 diusfidius
279 626 452 655 Alexander
466 625 545 654 hunc
559 624 640 653 nobis
653 632 752 660 reqem
763 632 822 660 pro
836 632 867 652 se
880 623 1058 660 reliquisset,
1074 623 1107 651 id

108 670 200 698 solum
215 677 255 698 ex
270 669 330 703 liis,
346 676 422 704 quae
436 669 622 704 imperasset,
648 674 705 695 non
722 665 899 702 faciendum
918 673 981 694 esse
999 673 1101 694 cense—

66 714 178 740 23rem.
220 711 294 745 Quin
309 711 398 746 iqitur
413 709 455 738 ad
468 708 652 745 diripiendos
666 708 818 737 thesauros
834 705 1024 736 discurritis?
1045 707 1103 735 ha-
1120 747 1123 748 γ

65 756 173 782 24rum
195 754 272 781 enim
292 759 380 788 opum
401 752 553 787 reqiamm
578 751 675 786 utique
688 751 816 787 populus
830 754 872 778 est
885 749 979 778 heres.
1022 748 1105 777 Haec

110 794 249 823 elocutus
265 800 320 829 per
335 792 454 821 medios
470 796 603 820 armatos
620 791 728 828 erupit,
752 795 791 827 et,
816 790 866 827 qui
886 789 1010 819 abeunti
1025 789 1104 818 viam

109 834 265 869 dederant,
281 833 383 870 ipsum
399 834 436 862 ad
454 833 678 870 pronuntiatam
695 833 842 869 praedam
858 832 1076 868 sequebantur.

497 900 589 929 CAP.
610 901 676 929 VII.

83 963 95 988 l
200 957 268 993 (22)
301 959 424 994 lamque
445 964 628 988 armatorum
650 958 731 988 circa
753 959 936 995 Meleagrum
960 959 1105 994 frequens

111 1000 222 1036 globus
238 1004 312 1035 erat,
328 999 356 1028 in
374 999 554 1029 seditionem
577 1008 613 1030 ac
630 1000 815 1029 discordiam
832 1008 923 1030 versa
939 999 1104 1029 concione:

111 1049 204 1078 quum
232 1041 354 1078 quidam
381 1042 537 1078 plerisque
563 1042 763 1071 Macedonum
789 1041 911 1078 ignotus
938 1050 978 1070 ex
1003 1041 1106 1070 infima

109 1083 209 1120 plebe,
227 1083 306 1118 Quid
318 1092 391 1120 opus
404 1088 454 1119 est,
470 1083 576 1120 inquit,
593 1086 685 1113 armis
699 1085 833 1120 civilique
848 1084 921 1113 bello
935 1084 1107 1113 habentibus

81 1129 98 1154 2
109 1133 218 1161 reqem,
233 1133 318 1162 quem
333 1124 497 1162 quaeritis?
536 1127 723 1155 Arrhidaeus
742 1126 880 1163 Philippo
892 1127 1016 1162 ymnus,
1033 1126 1095 1154 Ale·

109 1167 226 1196 manare·
234 1169 327 1204 paulo
339 1171 407 1196 ante
416 1169 495 1203 reqis
506 1168 616 1203 frater,
631 1176 785 1198 sacrorum
801 1169 1107 1204 caerimoniarumque

112 1217 233 1238 consors
254 1210 353 1245 modo,
374 1217 453 1238 nunc
473 1211 550 1238 solus
564 1210 663 1245 lieres,
681 1211 865 1246 praeteritur
881 1218 901 1238 a
916 1210 1003 1239 vobis.
1046 1209 1107 1244 Quo

110 1252 213 1280 meruo
234 1249 308 1280 suo?
334 1251 440 1288 quidve
457 1251 546 1287 fecit,
567 1260 622 1281 cur
636 1253 723 1281 etiam
739 1253 868 1288 qente'um
884 1253 1031 1282 communi
1043 1253 1106 1281 iure

108 1291 296 1328 fraudetur?
338 1292 374 1322 Si
386 1293 561 1322 Alexandro
575 1294 699 1323 similem
715 1295 872 1330 quaeritis,
887 1301 1038 1330 nunquam
1054 1302 1105 1322 re—

83 1334 244 1371 aperietis:
268 1336 296 1363 si
306 1336 490 1371 proximum,
517 1336 566 1364 hic
579 1337 657 1365 solus
671 1339 721 1364 est.
764 1335 820 1364 His
842 1335 969 1371 auditis,
997 1334 1106 1364 concio

109 1375 208 1412 primo
225 1375 392 1411 silentium,
418 1376 501 1406 velut
521 1376 621 1411 iussa,
644 1377 762 1406 habuit:
789 1378 981 1407 conclamant
997 1376 1107 1405 deinde

110 1417 238 1454 pariter,
259 1417 462 1447 Arrhidaeum
484 1419 656 1448 vocandum
680 1427 751 1448 esse
766 1424 957 1455 mortemque
972 1418 1107 1454 meritos,

83 1458 164 1496 4qui
181 1460 360 1489 concionem
384 1460 450 1488 sine
471 1468 508 1489 eo
532 1459 720 1489 habuissent.
763 1461 836 1489 Tum
863 1460 970 1489 Pithon
996 1461 1107 1497 plenus

111 1499 302 1530 lacrimarum
318 1501 434 1531 orditur
450 1501 567 1536 dicere,
589 1510 670 1531 nunc
693 1502 740 1531 vel
756 1501 888 1531 maxime
903 1501 1107 1531 miserabilem

112 1549 184 1572 esse
205 1542 429 1577 Alexandrum,
459 1543 510 1579 qui
532 1548 592 1572 tam
613 1544 764 1573 bonorum
785 1543 898 1573 civium
919 1543 1107 1580 militumque

112 1584 211 1613 fructu
228 1588 257 1613 et
272 1584 447 1620 praesentia
463 1585 620 1614 fraudatus
636 1590 729 1614 esset.
765 1586 881 1615 Nomen
898 1585 978 1615 enim
993 1594 1106 1615 memo-

111 1625 249 1662 riamque
262 1626 343 1662 regis
361 1627 407 1655 sui
424 1631 537 1656 tantum
553 1627 705 1656 intuentes
721 1627 761 1656 ad
777 1631 878 1657 cetera
895 1627 1026 1664 caligare
1041 1635 1107 1657 eos.

83 1673 98 1696 5
111 1666 126 1686 *
140 1667 156 1686 ¹*
170 1667 185 1686 ¹*
210 1667 291 1697 haud
308 1668 448 1705 ambigue
464 1667 493 1697 in
510 1668 663 1704 iuvenem,
682 1669 729 1698 cui
745 1677 872 1706 regnum
888 1669 1107 1699 destinabatur.

113 1709 254 1745 Impensa
271 1710 391 1746 probra,
409 1718 487 1746 quae
504 1710 666 1741 obiecerat.
689 1710 786 1747 magis
802 1710 862 1748 ipsi
879 1710 990 1747 odium,
1015 1719 1106 1748 quam
