<?xml version="1.0" encoding="UTF-8"?>
<!DOCTYPE html PUBLIC "-//W3C//DTD XHTML 1.0 Transitional//EN"
    "http://www.w3.org/TR/xhtml1/DTD/xhtml1-transitional.dtd">
<html xmlns="http://www.w3.org/1999/xhtml" xml:lang="en" lang="en">
 <head>
  <title>
</title>
<meta http-equiv="Content-Type" content="text/html;charset=utf-8" />
  <meta name='ocr-system' content='tesseract 3.04.00' />
  <meta name='ocr-capabilities' content='ocr_page ocr_carea ocr_par ocr_line ocrx_word'/>
</head>
<body>
  <div class='ocr_page' id='page_1' title='image "./degestisalexand00curtuoft_0158.png"; bbox 0 0 1215 1905; ppageno 0'>
   <div class='ocr_carea' id='block_1_1' title="bbox 115 79 798 114">
    <p class='ocr_par' dir='ltr' id='par_1_1' title="bbox 115 79 798 114">
     <span class='ocr_line' id='line_1_1' title="bbox 115 79 798 114; baseline -0.001 -5"><span class='ocrx_word' id='word_1_1' title='bbox 115 79 178 109; x_wconf 89' lang='lat'>130</span> <span class='ocrx_word' id='word_1_2' title='bbox 459 79 491 114; x_wconf 82' lang='lat' dir='ltr'>Q.</span> <span class='ocrx_word' id='word_1_3' title='bbox 514 79 668 109; x_wconf 88' lang='lat' dir='ltr'>CURTII</span> <span class='ocrx_word' id='word_1_4' title='bbox 690 80 798 109; x_wconf 81' lang='lat' dir='ltr'><strong>RUFI</strong></span> 
     </span>
    </p>
   </div>
   <div class='ocr_carea' id='block_1_2' title="bbox 194 153 1162 193">
    <p class='ocr_par' dir='ltr' id='par_1_2' title="bbox 194 153 1162 193">
     <span class='ocr_line' id='line_1_2' title="bbox 194 153 1162 193; baseline 0.001 -9"><span class='ocrx_word' id='word_1_5' title='bbox 194 154 261 191; x_wconf 87' lang='lat'><strong>(33)</strong></span> <span class='ocrx_word' id='word_1_6' title='bbox 282 153 430 183; x_wconf 78' lang='lat' dir='ltr'>Fremitus</span> <span class='ocrx_word' id='word_1_7' title='bbox 451 154 587 191; x_wconf 79' lang='lat' dir='ltr'>undique</span> <span class='ocrx_word' id='word_1_8' title='bbox 608 153 825 191; x_wconf 82' lang='lat' dir='ltr'>indignantium</span> <span class='ocrx_word' id='word_1_9' title='bbox 848 154 1127 192; x_wconf 77' lang='lat' dir='ltr'>querentiumques</span> <span class='ocrx_word' id='word_1_10' title='bbox 1156 187 1162 193; x_wconf 53' lang='grc'><strong><em>,</em></strong></span> 
     </span>
    </p>
   </div>
   <div class='ocr_carea' id='block_1_3' title="bbox 114 195 1137 893">
    <p class='ocr_par' dir='ltr' id='par_1_3' title="bbox 114 195 1137 893">
     <span class='ocr_line' id='line_1_3' title="bbox 117 195 1096 232; baseline 0 -7"><span class='ocrx_word' id='word_1_11' title='bbox 117 201 179 226; x_wconf 86' lang='lat' dir='ltr'>tota</span> <span class='ocrx_word' id='word_1_12' title='bbox 194 195 341 225; x_wconf 81' lang='lat' dir='ltr'>concione</span> <span class='ocrx_word' id='word_1_13' title='bbox 358 195 569 232; x_wconf 78' lang='lat' dir='ltr'>obstrepebat,</span> <span class='ocrx_word' id='word_1_14' title='bbox 593 196 691 232; x_wconf 83' lang='lat' dir='ltr'>qualis</span> <span class='ocrx_word' id='word_1_15' title='bbox 707 197 786 225; x_wconf 83' lang='lat' dir='ltr'>solet</span> <span class='ocrx_word' id='word_1_16' title='bbox 805 204 875 225; x_wconf 87' lang='lat' dir='ltr'>esse</span> <span class='ocrx_word' id='word_1_17' title='bbox 890 196 1096 231; x_wconf 80' lang='lat' dir='ltr'>multitudinis,</span> 
     </span>
     <span class='ocr_line' id='line_1_4' title="bbox 117 236 1126 273; baseline 0 -6"><span class='ocrx_word' id='word_1_18' title='bbox 117 242 146 267; x_wconf 90' lang='lat' dir='ltr'>et</span> <span class='ocrx_word' id='word_1_19' title='bbox 161 236 291 265; x_wconf 83' lang='lat' dir='ltr'>maxime</span> <span class='ocrx_word' id='word_1_20' title='bbox 310 236 461 271; x_wconf 87' lang='lat' dir='ltr'>militaris,</span> <span class='ocrx_word' id='word_1_21' title='bbox 482 236 534 266; x_wconf 90' lang='lat' dir='ltr'>ubi</span> <span class='ocrx_word' id='word_1_22' title='bbox 556 242 607 266; x_wconf 91' lang='lat' dir='ltr'>aut</span> <span class='ocrx_word' id='word_1_23' title='bbox 622 237 722 266; x_wconf 84' lang='lat' dir='ltr'>studio</span> <span class='ocrx_word' id='word_1_24' title='bbox 738 237 835 273; x_wconf 86' lang='lat' dir='ltr'>agitur</span> <span class='ocrx_word' id='word_1_25' title='bbox 849 241 900 266; x_wconf 86' lang='lat' dir='ltr'>aut</span> <span class='ocrx_word' id='word_1_26' title='bbox 914 237 967 266; x_wconf 86' lang='lat' dir='ltr'>ira.</span> <span class='ocrx_word' id='word_1_27' title='bbox 1009 237 1097 267; x_wconf 85' lang='lat' dir='ltr'>Nico-</span> <span class='ocrx_word' id='word_1_28' title='bbox 1109 242 1126 269; x_wconf 89' lang='grc'><strong>7</strong></span> 
     </span>
     <span class='ocr_line' id='line_1_5' title="bbox 117 278 1097 315; baseline 0 -8"><span class='ocrx_word' id='word_1_29' title='bbox 117 279 242 307; x_wconf 70' lang='lat' dir='ltr'>machus</span> <span class='ocrx_word' id='word_1_30' title='bbox 255 278 365 307; x_wconf 84' lang='lat' dir='ltr'>deinde</span> <span class='ocrx_word' id='word_1_31' title='bbox 378 282 407 307; x_wconf 85' lang='lat' dir='ltr'>et</span> <span class='ocrx_word' id='word_1_32' title='bbox 418 278 535 307; x_wconf 81' lang='lat' dir='ltr'>Metron</span> <span class='ocrx_word' id='word_1_33' title='bbox 549 282 578 308; x_wconf 87' lang='lat' dir='ltr'>et</span> <span class='ocrx_word' id='word_1_34' title='bbox 591 278 751 308; x_wconf 78' lang='lat' dir='ltr'>Cebalinus</span> <span class='ocrx_word' id='word_1_35' title='bbox 764 278 913 315; x_wconf 87' lang='lat' dir='ltr'>producti,</span> <span class='ocrx_word' id='word_1_36' title='bbox 924 286 1002 315; x_wconf 87' lang='lat' dir='ltr'>quae</span> <span class='ocrx_word' id='word_1_37' title='bbox 1015 278 1097 315; x_wconf 87' lang='lat' dir='ltr'>quis—</span> 
     </span>
     <span class='ocr_line' id='line_1_6' title="bbox 118 319 1096 356; baseline 0.001 -9"><span class='ocrx_word' id='word_1_38' title='bbox 118 328 177 356; x_wconf 87' lang='lat' dir='ltr'>que</span> <span class='ocrx_word' id='word_1_39' title='bbox 193 320 354 354; x_wconf 81' lang='lat' dir='ltr'>detulerat,</span> <span class='ocrx_word' id='word_1_40' title='bbox 376 324 541 356; x_wconf 79' lang='lat' dir='ltr'>exponunt.</span> <span class='ocrx_word' id='word_1_41' title='bbox 582 320 699 349; x_wconf 83' lang='lat' dir='ltr'>Nullius</span> <span class='ocrx_word' id='word_1_42' title='bbox 720 329 824 350; x_wconf 88' lang='lat' dir='ltr'>eorum</span> <span class='ocrx_word' id='word_1_43' title='bbox 840 319 951 349; x_wconf 85' lang='lat' dir='ltr'>indicio</span> <span class='ocrx_word' id='word_1_44' title='bbox 966 319 1096 349; x_wconf 88' lang='lat' dir='ltr'>Philotas</span> 
     </span>
     <span class='ocr_line' id='line_1_7' title="bbox 117 360 1097 397; baseline 0 -7"><span class='ocrx_word' id='word_1_45' title='bbox 117 366 149 390; x_wconf 85' lang='lat' dir='ltr'>ut</span> <span class='ocrx_word' id='word_1_46' title='bbox 164 361 318 397; x_wconf 84' lang='lat' dir='ltr'>particeps</span> <span class='ocrx_word' id='word_1_47' title='bbox 340 361 465 390; x_wconf 84' lang='lat' dir='ltr'>sceleris</span> <span class='ocrx_word' id='word_1_48' title='bbox 488 361 702 390; x_wconf 84' lang='lat' dir='ltr'>destinabatur.</span> <span class='ocrx_word' id='word_1_49' title='bbox 745 362 864 397; x_wconf 78' lang='lat' dir='ltr'>ltaque,</span> <span class='ocrx_word' id='word_1_50' title='bbox 891 360 1097 397; x_wconf 82' lang='lat' dir='ltr'>indignatione</span> 
     </span>
     <span class='ocr_line' id='line_1_8' title="bbox 117 402 1125 439; baseline 0.001 -8"><span class='ocrx_word' id='word_1_51' title='bbox 117 410 273 439; x_wconf 83' lang='lat' dir='ltr'>repressa,</span> <span class='ocrx_word' id='word_1_52' title='bbox 303 410 363 431; x_wconf 89' lang='lat' dir='ltr'>vox</span> <span class='ocrx_word' id='word_1_53' title='bbox 384 402 516 432; x_wconf 88' lang='lat' dir='ltr'>indicum</span> <span class='ocrx_word' id='word_1_54' title='bbox 542 402 661 432; x_wconf 89' lang='lat' dir='ltr'>silentio</span> <span class='ocrx_word' id='word_1_55' title='bbox 688 407 817 439; x_wconf 76' lang='lat' dir='ltr'>excepta</span> <span class='ocrx_word' id='word_1_56' title='bbox 842 406 897 432; x_wconf 81' lang='lat' dir='ltr'>est.</span> <span class='ocrx_word' id='word_1_57' title='bbox 939 402 1012 431; x_wconf 84' lang='lat' dir='ltr'>Tum</span> <span class='ocrx_word' id='word_1_58' title='bbox 1033 410 1096 437; x_wconf 84' lang='lat' dir='ltr'>rex,</span> <span class='ocrx_word' id='word_1_59' title='bbox 1108 407 1125 432; x_wconf 90' lang='lat'>8</span> 
     </span>
     <span class='ocr_line' id='line_1_9' title="bbox 120 443 1098 480; baseline -0.001 -7"><span class='ocrx_word' id='word_1_60' title='bbox 120 444 232 478; x_wconf 78' lang='lat' dir='ltr'>Qualis,</span> <span class='ocrx_word' id='word_1_61' title='bbox 255 443 364 480; x_wconf 87' lang='lat' dir='ltr'>inquit,</span> <span class='ocrx_word' id='word_1_62' title='bbox 385 452 454 480; x_wconf 72' lang='lat' dir='ltr'>erqo</span> <span class='ocrx_word' id='word_1_63' title='bbox 466 446 558 473; x_wconf 86' lang='lat' dir='ltr'>animi</span> <span class='ocrx_word' id='word_1_64' title='bbox 567 445 643 473; x_wconf 85' lang='lat' dir='ltr'>vobis</span> <span class='ocrx_word' id='word_1_65' title='bbox 654 445 779 479; x_wconf 81' lang='lat' dir='ltr'>videtur,</span> <span class='ocrx_word' id='word_1_66' title='bbox 798 448 849 480; x_wconf 76' lang='lat' dir='ltr'>qui</span> <span class='ocrx_word' id='word_1_67' title='bbox 858 445 944 472; x_wconf 75' lang='lat' dir='ltr'>huius</span> <span class='ocrx_word' id='word_1_68' title='bbox 955 445 1000 472; x_wconf 84' lang='lat' dir='ltr'>rei</span> <span class='ocrx_word' id='word_1_69' title='bbox 1011 444 1098 473; x_wconf 86' lang='lat' dir='ltr'>dela—</span> 
     </span>
     <span class='ocr_line' id='line_1_10' title="bbox 117 484 1095 522; baseline 0 -8"><span class='ocrx_word' id='word_1_70' title='bbox 117 490 175 514; x_wconf 84' lang='lat' dir='ltr'>tum</span> <span class='ocrx_word' id='word_1_71' title='bbox 186 486 325 514; x_wconf 86' lang='lat' dir='ltr'>indicium</span> <span class='ocrx_word' id='word_1_72' title='bbox 343 486 386 514; x_wconf 84' lang='lat' dir='ltr'>ad</span> <span class='ocrx_word' id='word_1_73' title='bbox 400 487 494 521; x_wconf 84' lang='lat' dir='ltr'>ipsum</span> <span class='ocrx_word' id='word_1_74' title='bbox 508 484 688 522; x_wconf 75' lang='lat' dir='ltr'>suppressit?</span> <span class='ocrx_word' id='word_1_75' title='bbox 712 486 794 520; x_wconf 79' lang='lat' dir='ltr'>Quod</span> <span class='ocrx_word' id='word_1_76' title='bbox 806 494 863 514; x_wconf 89' lang='lat' dir='ltr'>non</span> <span class='ocrx_word' id='word_1_77' title='bbox 875 486 970 520; x_wconf 86' lang='lat' dir='ltr'>fuisse</span> <span class='ocrx_word' id='word_1_78' title='bbox 981 493 1095 520; x_wconf 84' lang='lat' dir='ltr'>vanum,</span> 
     </span>
     <span class='ocr_line' id='line_1_11' title="bbox 116 527 1123 562; baseline 0.001 -7"><span class='ocrx_word' id='word_1_79' title='bbox 116 528 216 556; x_wconf 74' lang='lat' dir='ltr'>Dimni</span> <span class='ocrx_word' id='word_1_80' title='bbox 234 529 330 556; x_wconf 63' lang='lat' dir='ltr'>emitas</span> <span class='ocrx_word' id='word_1_81' title='bbox 341 527 482 556; x_wconf 79' lang='lat' dir='ltr'>declarat.</span> <span class='ocrx_word' id='word_1_82' title='bbox 504 528 652 556; x_wconf 79' lang='lat' dir='ltr'>Incertam</span> <span class='ocrx_word' id='word_1_83' title='bbox 663 536 725 556; x_wconf 84' lang='lat' dir='ltr'>rem</span> <span class='ocrx_word' id='word_1_84' title='bbox 738 527 876 562; x_wconf 81' lang='lat' dir='ltr'>deferens</span> <span class='ocrx_word' id='word_1_85' title='bbox 887 531 1027 556; x_wconf 86' lang='lat' dir='ltr'>tormenta</span> <span class='ocrx_word' id='word_1_86' title='bbox 1039 534 1096 555; x_wconf 80' lang='lat' dir='ltr'>non</span> <span class='ocrx_word' id='word_1_87' title='bbox 1107 530 1123 556; x_wconf 85' lang='lat'><strong>9</strong></span> 
     </span>
     <span class='ocr_line' id='line_1_12' title="bbox 118 568 1096 604; baseline -0.001 -7"><span class='ocrx_word' id='word_1_88' title='bbox 118 570 210 597; x_wconf 79' lang='lat' dir='ltr'>timuit</span> <span class='ocrx_word' id='word_1_89' title='bbox 231 569 399 597; x_wconf 77' lang='lat' dir='ltr'>Cebalinus:</span> <span class='ocrx_word' id='word_1_90' title='bbox 431 568 545 597; x_wconf 81' lang='lat' dir='ltr'>Metron</span> <span class='ocrx_word' id='word_1_91' title='bbox 568 577 604 597; x_wconf 89' lang='lat' dir='ltr'>ne</span> <span class='ocrx_word' id='word_1_92' title='bbox 629 573 799 597; x_wconf 75' lang='lat' dir='ltr'>momentum</span> <span class='ocrx_word' id='word_1_93' title='bbox 824 569 939 604; x_wconf 81' lang='lat' dir='ltr'>quidem</span> <span class='ocrx_word' id='word_1_94' title='bbox 961 569 1096 604; x_wconf 83' lang='lat' dir='ltr'>temporis</span> 
     </span>
     <span class='ocr_line' id='line_1_13' title="bbox 119 610 1137 646; baseline -0.001 -8"><span class='ocrx_word' id='word_1_95' title='bbox 119 611 229 638; x_wconf 77' lang='lat' dir='ltr'>distulit</span> <span class='ocrx_word' id='word_1_96' title='bbox 239 618 403 638; x_wconf 75' lang='lat' dir='ltr'>exonerare</span> <span class='ocrx_word' id='word_1_97' title='bbox 413 618 451 643; x_wconf 87' lang='lat' dir='ltr'>se,</span> <span class='ocrx_word' id='word_1_98' title='bbox 463 613 495 638; x_wconf 88' lang='lat' dir='ltr'>ut</span> <span class='ocrx_word' id='word_1_99' title='bbox 506 618 547 643; x_wconf 84' lang='lat' dir='ltr'>eo,</span> <span class='ocrx_word' id='word_1_100' title='bbox 561 610 610 638; x_wconf 85' lang='lat' dir='ltr'>ubi</span> <span class='ocrx_word' id='word_1_101' title='bbox 620 610 751 643; x_wconf 84' lang='lat' dir='ltr'>lavabar,</span> <span class='ocrx_word' id='word_1_102' title='bbox 763 611 956 646; x_wconf 84' lang='lat' dir='ltr'>irrumperet:</span> <span class='ocrx_word' id='word_1_103' title='bbox 967 610 1097 638; x_wconf 78' lang='lat' dir='ltr'>Philotas</span> <span class='ocrx_word' id='word_1_104' title='bbox 1105 612 1137 637; x_wconf 86' lang='lat'>10</span> 
     </span>
     <span class='ocr_line' id='line_1_14' title="bbox 117 649 1097 687; baseline 0 -8"><span class='ocrx_word' id='word_1_105' title='bbox 117 653 193 680; x_wconf 86' lang='lat' dir='ltr'>solus</span> <span class='ocrx_word' id='word_1_106' title='bbox 204 651 278 679; x_wconf 77' lang='lat' dir='ltr'>nihil</span> <span class='ocrx_word' id='word_1_107' title='bbox 287 652 393 685; x_wconf 83' lang='lat' dir='ltr'>timuit,</span> <span class='ocrx_word' id='word_1_108' title='bbox 416 651 490 679; x_wconf 72' lang='lat' dir='ltr'>nillil</span> <span class='ocrx_word' id='word_1_109' title='bbox 500 651 635 680; x_wconf 86' lang='lat' dir='ltr'>credidit.</span> <span class='ocrx_word' id='word_1_110' title='bbox 660 651 794 687; x_wconf 71' lang='lat' dir='ltr'>Omayni</span> <span class='ocrx_word' id='word_1_111' title='bbox 804 652 895 679; x_wconf 77' lang='lat' dir='ltr'>animi</span> <span class='ocrx_word' id='word_1_112' title='bbox 905 649 1018 679; x_wconf 79' lang='lat' dir='ltr'>virum!</span> <span class='ocrx_word' id='word_1_113' title='bbox 1038 651 1097 679; x_wconf 83' lang='lat' dir='ltr'>Iste</span> 
     </span>
     <span class='ocr_line' id='line_1_15' title="bbox 117 693 1096 728; baseline 0 -8"><span class='ocrx_word' id='word_1_114' title='bbox 117 694 195 728; x_wconf 66' lang='lat' dir='ltr'>repis</span> <span class='ocrx_word' id='word_1_115' title='bbox 204 694 336 728; x_wconf 80' lang='lat' dir='ltr'>periculo</span> <span class='ocrx_word' id='word_1_116' title='bbox 353 696 589 725; x_wconf 77' lang='lat' dir='ltr'>commoveretur,</span> <span class='ocrx_word' id='word_1_117' title='bbox 612 694 719 721; x_wconf 79' lang='lat' dir='ltr'>vultum</span> <span class='ocrx_word' id='word_1_118' title='bbox 731 696 869 727; x_wconf 81' lang='lat' dir='ltr'>mutaret,</span> <span class='ocrx_word' id='word_1_119' title='bbox 890 693 1013 720; x_wconf 78' lang='lat' dir='ltr'>indicem</span> <span class='ocrx_word' id='word_1_120' title='bbox 1025 697 1096 720; x_wconf 81' lang='lat' dir='ltr'>tan-</span> 
     </span>
     <span class='ocr_line' id='line_1_16' title="bbox 117 732 1135 768; baseline 0.001 -7"><span class='ocrx_word' id='word_1_121' title='bbox 117 738 163 762; x_wconf 84' lang='lat' dir='ltr'>tae</span> <span class='ocrx_word' id='word_1_122' title='bbox 175 736 220 762; x_wconf 85' lang='lat' dir='ltr'>rei</span> <span class='ocrx_word' id='word_1_123' title='bbox 234 735 370 763; x_wconf 83' lang='lat' dir='ltr'>sollicitus</span> <span class='ocrx_word' id='word_1_124' title='bbox 384 732 520 763; x_wconf 86' lang='lat' dir='ltr'>audiret!</span> <span class='ocrx_word' id='word_1_125' title='bbox 539 734 641 763; x_wconf 79' lang='lat' dir='ltr'>Subest</span> <span class='ocrx_word' id='word_1_126' title='bbox 651 735 787 762; x_wconf 86' lang='lat' dir='ltr'>nimirum</span> <span class='ocrx_word' id='word_1_127' title='bbox 800 735 911 762; x_wconf 84' lang='lat' dir='ltr'>silentio</span> <span class='ocrx_word' id='word_1_128' title='bbox 920 733 1056 768; x_wconf 85' lang='lat' dir='ltr'>facinus,</span> <span class='ocrx_word' id='word_1_129' title='bbox 1069 737 1096 762; x_wconf 85' lang='lat' dir='ltr'>et</span> <span class='ocrx_word' id='word_1_130' title='bbox 1105 737 1135 762; x_wconf 86' lang='lat' dir='ltr'>ll</span> 
     </span>
     <span class='ocr_line' id='line_1_17' title="bbox 117 775 1095 811; baseline -0.001 -8"><span class='ocrx_word' id='word_1_131' title='bbox 117 775 207 803; x_wconf 82' lang='lat' dir='ltr'>avida</span> <span class='ocrx_word' id='word_1_132' title='bbox 225 783 292 811; x_wconf 87' lang='lat' dir='ltr'>spes</span> <span class='ocrx_word' id='word_1_133' title='bbox 304 777 390 810; x_wconf 69' lang='lat' dir='ltr'>reyni</span> <span class='ocrx_word' id='word_1_134' title='bbox 402 776 593 811; x_wconf 85' lang='lat' dir='ltr'>praecipitem</span> <span class='ocrx_word' id='word_1_135' title='bbox 608 777 735 804; x_wconf 85' lang='lat' dir='ltr'>animum</span> <span class='ocrx_word' id='word_1_136' title='bbox 748 776 789 803; x_wconf 81' lang='lat' dir='ltr'>ad</span> <span class='ocrx_word' id='word_1_137' title='bbox 799 777 928 803; x_wconf 82' lang='lat' dir='ltr'>ultimum</span> <span class='ocrx_word' id='word_1_138' title='bbox 939 775 1026 809; x_wconf 82' lang='lat' dir='ltr'>nefas</span> <span class='ocrx_word' id='word_1_139' title='bbox 1037 776 1095 803; x_wconf 79' lang='lat' dir='ltr'>im-</span> 
     </span>
     <span class='ocr_line' id='line_1_18' title="bbox 114 816 1095 852; baseline -0.002 -7"><span class='ocrx_word' id='word_1_140' title='bbox 114 817 198 852; x_wconf 83' lang='lat' dir='ltr'>pulit.</span> <span class='ocrx_word' id='word_1_141' title='bbox 241 817 329 845; x_wconf 86' lang='lat' dir='ltr'>Pater</span> <span class='ocrx_word' id='word_1_142' title='bbox 344 817 461 845; x_wconf 77' lang='lat' dir='ltr'>Mediae</span> <span class='ocrx_word' id='word_1_143' title='bbox 472 820 602 852; x_wconf 83' lang='lat' dir='ltr'>praeest.</span> <span class='ocrx_word' id='word_1_144' title='bbox 645 816 713 852; x_wconf 87' lang='lat' dir='ltr'>Ipse</span> <span class='ocrx_word' id='word_1_145' title='bbox 731 817 816 852; x_wconf 87' lang='lat' dir='ltr'>apud</span> <span class='ocrx_word' id='word_1_146' title='bbox 830 818 932 844; x_wconf 85' lang='lat' dir='ltr'>multos</span> <span class='ocrx_word' id='word_1_147' title='bbox 943 817 1095 852; x_wconf 88' lang='lat' dir='ltr'>copiarum</span> 
     </span>
     <span class='ocr_line' id='line_1_19' title="bbox 118 858 1093 893; baseline -0.002 -7"><span class='ocrx_word' id='word_1_148' title='bbox 118 858 206 886; x_wconf 88' lang='lat' dir='ltr'>duces</span> <span class='ocrx_word' id='word_1_149' title='bbox 221 858 291 886; x_wconf 87' lang='lat' dir='ltr'>meis</span> <span class='ocrx_word' id='word_1_150' title='bbox 305 861 481 893; x_wconf 84' lang='lat' dir='ltr'>praepotens</span> <span class='ocrx_word' id='word_1_151' title='bbox 500 858 606 886; x_wconf 78' lang='lat' dir='ltr'>viribus</span> <span class='ocrx_word' id='word_1_152' title='bbox 617 859 746 891; x_wconf 82' lang='lat' dir='ltr'>maiora,</span> <span class='ocrx_word' id='word_1_153' title='bbox 769 865 855 893; x_wconf 79' lang='lat' dir='ltr'>quam</span> <span class='ocrx_word' id='word_1_154' title='bbox 872 858 966 893; x_wconf 81' lang='lat' dir='ltr'>capit,</span> <span class='ocrx_word' id='word_1_155' title='bbox 991 858 1093 893; x_wconf 79' lang='lat' dir='ltr'>spirat.</span> 
     </span>
    </p>
   </div>
   <div class='ocr_carea' id='block_1_4' title="bbox 119 898 1155 934">
    <p class='ocr_par' dir='ltr' id='par_1_4' title="bbox 119 898 1155 934">
     <span class='ocr_line' id='line_1_20' title="bbox 119 898 1155 934; baseline -0.003 -6"><span class='ocrx_word' id='word_1_156' title='bbox 119 899 232 928; x_wconf 80' lang='lat' dir='ltr'>Orbitas</span> <span class='ocrx_word' id='word_1_157' title='bbox 243 907 353 934; x_wconf 82' lang='lat' dir='ltr'>quoque</span> <span class='ocrx_word' id='word_1_158' title='bbox 364 907 444 933; x_wconf 85' lang='lat' dir='ltr'>mea,</span> <span class='ocrx_word' id='word_1_159' title='bbox 466 899 544 934; x_wconf 83' lang='lat' dir='ltr'>quod</span> <span class='ocrx_word' id='word_1_160' title='bbox 562 900 624 928; x_wconf 86' lang='lat' dir='ltr'>sine</span> <span class='ocrx_word' id='word_1_161' title='bbox 639 900 737 927; x_wconf 82' lang='lat' dir='ltr'>liberis</span> <span class='ocrx_word' id='word_1_162' title='bbox 747 906 823 932; x_wconf 87' lang='lat' dir='ltr'>sum,</span> <span class='ocrx_word' id='word_1_163' title='bbox 846 900 1005 934; x_wconf 79' lang='lat' dir='ltr'>spernitur.</span> <span class='ocrx_word' id='word_1_164' title='bbox 1037 898 1097 926; x_wconf 86' lang='lat' dir='ltr'>Sed</span> <span class='ocrx_word' id='word_1_165' title='bbox 1105 902 1137 927; x_wconf 75' lang='lat'>12</span> <span class='ocrx_word' id='word_1_166' title='bbox 1152 924 1155 925; x_wconf 21' lang='lat'><em>⁷</em></span> 
     </span>
    </p>
   </div>
   <div class='ocr_carea' id='block_1_5' title="bbox 111 939 1137 1719">
    <p class='ocr_par' dir='ltr' id='par_1_5' title="bbox 115 939 1094 1018">
     <span class='ocr_line' id='line_1_21' title="bbox 115 939 1094 976; baseline 0 -8"><span class='ocrx_word' id='word_1_167' title='bbox 115 944 199 969; x_wconf 84' lang='lat' dir='ltr'>errat</span> <span class='ocrx_word' id='word_1_168' title='bbox 208 941 345 969; x_wconf 74' lang='lat' dir='ltr'>Philotas.</span> <span class='ocrx_word' id='word_1_169' title='bbox 366 940 404 968; x_wconf 89' lang='lat' dir='ltr'>In</span> <span class='ocrx_word' id='word_1_170' title='bbox 420 941 496 969; x_wconf 85' lang='lat' dir='ltr'>vobis</span> <span class='ocrx_word' id='word_1_171' title='bbox 507 941 623 974; x_wconf 83' lang='lat' dir='ltr'>liberos,</span> <span class='ocrx_word' id='word_1_172' title='bbox 634 943 780 976; x_wconf 83' lang='lat' dir='ltr'>parentes,</span> <span class='ocrx_word' id='word_1_173' title='bbox 792 941 1020 975; x_wconf 72' lang='lat' dir='ltr'>consanyuineos</span> <span class='ocrx_word' id='word_1_174' title='bbox 1035 939 1094 967; x_wconf 71' lang='lat' dir='ltr'>ka-</span> 
     </span>
     <span class='ocr_line' id='line_1_22' title="bbox 116 982 753 1018; baseline -0.002 -8"><span class='ocrx_word' id='word_1_175' title='bbox 116 982 166 1011; x_wconf 84' lang='lat' dir='ltr'>beo</span> <span class='ocrx_word' id='word_1_176' title='bbox 175 993 183 1009; x_wconf 90' lang='lat'><em>:</em></span> <span class='ocrx_word' id='word_1_177' title='bbox 200 982 274 1010; x_wconf 77' lang='lat' dir='ltr'>vobis</span> <span class='ocrx_word' id='word_1_178' title='bbox 284 983 380 1016; x_wconf 77' lang='lat' dir='ltr'>salvis,</span> <span class='ocrx_word' id='word_1_179' title='bbox 393 982 478 1010; x_wconf 75' lang='lat' dir='ltr'>orbus</span> <span class='ocrx_word' id='word_1_180' title='bbox 490 990 550 1010; x_wconf 87' lang='lat' dir='ltr'>esse</span> <span class='ocrx_word' id='word_1_181' title='bbox 562 990 618 1010; x_wconf 81' lang='lat' dir='ltr'>non</span> <span class='ocrx_word' id='word_1_182' title='bbox 626 989 753 1018; x_wconf 83' lang='lat' dir='ltr'>possum.</span> 
     </span>
    </p>

    <p class='ocr_par' dir='ltr' id='par_1_6' title="bbox 116 1021 1137 1265">
     <span class='ocr_line' id='line_1_23' title="bbox 199 1021 1137 1058; baseline 0 -7"><span class='ocrx_word' id='word_1_183' title='bbox 199 1021 266 1057; x_wconf 82' lang='lat'>(34)</span> <span class='ocrx_word' id='word_1_184' title='bbox 276 1022 443 1058; x_wconf 74' lang='lat' dir='ltr'>Epistulam</span> <span class='ocrx_word' id='word_1_185' title='bbox 456 1023 566 1051; x_wconf 88' lang='lat' dir='ltr'>deinde</span> <span class='ocrx_word' id='word_1_186' title='bbox 574 1022 777 1051; x_wconf 81' lang='lat' dir='ltr'>Parmenionis</span> <span class='ocrx_word' id='word_1_187' title='bbox 788 1022 992 1058; x_wconf 87' lang='lat' dir='ltr'>interceptam,</span> <span class='ocrx_word' id='word_1_188' title='bbox 1007 1029 1096 1058; x_wconf 86' lang='lat' dir='ltr'>quam</span> <span class='ocrx_word' id='word_1_189' title='bbox 1105 1025 1137 1051; x_wconf 80' lang='lat'>13</span> 
     </span>
     <span class='ocr_line' id='line_1_24' title="bbox 117 1063 1093 1099; baseline -0.002 -6"><span class='ocrx_word' id='word_1_190' title='bbox 117 1064 155 1092; x_wconf 83' lang='lat' dir='ltr'>ad</span> <span class='ocrx_word' id='word_1_191' title='bbox 171 1064 250 1093; x_wconf 87' lang='lat' dir='ltr'>filios</span> <span class='ocrx_word' id='word_1_192' title='bbox 265 1064 442 1093; x_wconf 74' lang='lat' dir='ltr'>Nicanorem</span> <span class='ocrx_word' id='word_1_193' title='bbox 458 1068 488 1093; x_wconf 82' lang='lat' dir='ltr'>et</span> <span class='ocrx_word' id='word_1_194' title='bbox 501 1063 644 1092; x_wconf 78' lang='lat' dir='ltr'>Philotam</span> <span class='ocrx_word' id='word_1_195' title='bbox 668 1063 845 1099; x_wconf 83' lang='lat' dir='ltr'>scripserat,</span> <span class='ocrx_word' id='word_1_196' title='bbox 870 1063 989 1098; x_wconf 82' lang='lat' dir='ltr'>recitat,</span> <span class='ocrx_word' id='word_1_197' title='bbox 1012 1063 1093 1091; x_wconf 85' lang='lat' dir='ltr'>haud</span> 
     </span>
     <span class='ocr_line' id='line_1_25' title="bbox 117 1104 1136 1142; baseline -0.001 -9"><span class='ocrx_word' id='word_1_198' title='bbox 117 1113 191 1134; x_wconf 87' lang='lat' dir='ltr'>sane</span> <span class='ocrx_word' id='word_1_199' title='bbox 211 1105 354 1134; x_wconf 86' lang='lat' dir='ltr'>indicium</span> <span class='ocrx_word' id='word_1_200' title='bbox 381 1105 528 1142; x_wconf 88' lang='lat' dir='ltr'>gravioris</span> <span class='ocrx_word' id='word_1_201' title='bbox 550 1104 668 1134; x_wconf 76' lang='lat' dir='ltr'>consilii</span> <span class='ocrx_word' id='word_1_202' title='bbox 688 1105 917 1141; x_wconf 81' lang='lat' dir='ltr'>praeferentem.</span> <span class='ocrx_word' id='word_1_203' title='bbox 959 1104 1095 1140; x_wconf 82' lang='lat' dir='ltr'>Namque</span> <span class='ocrx_word' id='word_1_204' title='bbox 1104 1107 1136 1133; x_wconf 78' lang='lat'>14</span> 
     </span>
     <span class='ocr_line' id='line_1_26' title="bbox 118 1146 1095 1182; baseline -0.001 -7"><span class='ocrx_word' id='word_1_205' title='bbox 118 1155 235 1175; x_wconf 80' lang='lat' dir='ltr'>summa</span> <span class='ocrx_word' id='word_1_206' title='bbox 250 1147 315 1176; x_wconf 88' lang='lat' dir='ltr'>eius</span> <span class='ocrx_word' id='word_1_207' title='bbox 331 1147 406 1175; x_wconf 88' lang='lat' dir='ltr'>haec</span> <span class='ocrx_word' id='word_1_208' title='bbox 422 1151 499 1176; x_wconf 85' lang='lat' dir='ltr'>erat:</span> <span class='ocrx_word' id='word_1_209' title='bbox 520 1148 651 1175; x_wconf 87' lang='lat' dir='ltr'>Primum</span> <span class='ocrx_word' id='word_1_210' title='bbox 662 1148 751 1175; x_wconf 80' lang='lat' dir='ltr'>vestri</span> <span class='ocrx_word' id='word_1_211' title='bbox 763 1155 866 1176; x_wconf 85' lang='lat' dir='ltr'>curam</span> <span class='ocrx_word' id='word_1_212' title='bbox 878 1147 970 1182; x_wconf 72' lang='lat' dir='ltr'>aqite,</span> <span class='ocrx_word' id='word_1_213' title='bbox 989 1146 1095 1175; x_wconf 84' lang='lat' dir='ltr'>deinde</span> 
     </span>
     <span class='ocr_line' id='line_1_27' title="bbox 116 1186 1136 1224; baseline -0.001 -8"><span class='ocrx_word' id='word_1_214' title='bbox 116 1192 274 1217; x_wconf 86' lang='lat' dir='ltr'>vestrorum</span> <span class='ocrx_word' id='word_1_215' title='bbox 282 1199 291 1216; x_wconf 93' lang='grc'>.·</span> <span class='ocrx_word' id='word_1_216' title='bbox 304 1190 346 1217; x_wconf 80' lang='lat' dir='ltr'>sic</span> <span class='ocrx_word' id='word_1_217' title='bbox 356 1190 440 1222; x_wconf 85' lang='lat' dir='ltr'>enim,</span> <span class='ocrx_word' id='word_1_218' title='bbox 454 1196 528 1224; x_wconf 83' lang='lat' dir='ltr'>quae</span> <span class='ocrx_word' id='word_1_219' title='bbox 540 1189 755 1223; x_wconf 84' lang='lat' dir='ltr'>destinavimus,</span> <span class='ocrx_word' id='word_1_220' title='bbox 764 1189 935 1223; x_wconf 74' lang='lat' dir='ltr'>efficiemus.</span> <span class='ocrx_word' id='word_1_221' title='bbox 963 1186 1094 1215; x_wconf 81' lang='lat' dir='ltr'>AdIecit-</span> <span class='ocrx_word' id='word_1_222' title='bbox 1104 1190 1136 1215; x_wconf 80' lang='lat'>15</span> 
     </span>
     <span class='ocr_line' id='line_1_28' title="bbox 117 1228 1097 1265; baseline -0.001 -8"><span class='ocrx_word' id='word_1_223' title='bbox 117 1237 177 1265; x_wconf 83' lang='lat' dir='ltr'>que</span> <span class='ocrx_word' id='word_1_224' title='bbox 191 1237 261 1264; x_wconf 85' lang='lat' dir='ltr'>rex,</span> <span class='ocrx_word' id='word_1_225' title='bbox 278 1229 321 1258; x_wconf 84' lang='lat' dir='ltr'>sic</span> <span class='ocrx_word' id='word_1_226' title='bbox 336 1237 407 1258; x_wconf 87' lang='lat' dir='ltr'>esse</span> <span class='ocrx_word' id='word_1_227' title='bbox 423 1229 580 1264; x_wconf 84' lang='lat' dir='ltr'>scriptam,</span> <span class='ocrx_word' id='word_1_228' title='bbox 600 1234 646 1265; x_wconf 89' lang='lat' dir='ltr'>ut,</span> <span class='ocrx_word' id='word_1_229' title='bbox 666 1229 731 1258; x_wconf 86' lang='lat' dir='ltr'>sive</span> <span class='ocrx_word' id='word_1_230' title='bbox 746 1230 785 1257; x_wconf 82' lang='lat' dir='ltr'>ad</span> <span class='ocrx_word' id='word_1_231' title='bbox 801 1229 880 1258; x_wconf 89' lang='lat' dir='ltr'>filios</span> <span class='ocrx_word' id='word_1_232' title='bbox 897 1228 1097 1264; x_wconf 85' lang='lat' dir='ltr'>pervenisset,</span> 
     </span>
    </p>

    <p class='ocr_par' dir='ltr' id='par_1_7' title="bbox 111 1270 1136 1719">
     <span class='ocr_line' id='line_1_29' title="bbox 116 1270 1096 1306; baseline -0.002 -7"><span class='ocrx_word' id='word_1_233' title='bbox 116 1279 133 1299; x_wconf 88' lang='lat' dir='ltr'>a</span> <span class='ocrx_word' id='word_1_234' title='bbox 150 1270 282 1299; x_wconf 84' lang='lat' dir='ltr'>consciis</span> <span class='ocrx_word' id='word_1_235' title='bbox 298 1274 405 1306; x_wconf 85' lang='lat' dir='ltr'>posset</span> <span class='ocrx_word' id='word_1_236' title='bbox 421 1270 559 1306; x_wconf 81' lang='lat' dir='ltr'>intelligi,</span> <span class='ocrx_word' id='word_1_237' title='bbox 587 1270 651 1299; x_wconf 81' lang='lat' dir='ltr'>sive</span> <span class='ocrx_word' id='word_1_238' title='bbox 673 1271 839 1306; x_wconf 86' lang='lat' dir='ltr'>intercepta</span> <span class='ocrx_word' id='word_1_239' title='bbox 856 1273 952 1304; x_wconf 85' lang='lat' dir='ltr'>esset,</span> <span class='ocrx_word' id='word_1_240' title='bbox 980 1270 1096 1298; x_wconf 83' lang='lat' dir='ltr'>falleret</span> 
     </span>
     <span class='ocr_line' id='line_1_30' title="bbox 117 1312 1136 1348; baseline -0.002 -8"><span class='ocrx_word' id='word_1_241' title='bbox 117 1312 248 1348; x_wconf 83' lang='lat' dir='ltr'>ignaros.</span> <span class='ocrx_word' id='word_1_242' title='bbox 270 1313 309 1340; x_wconf 86' lang='lat' dir='ltr'>At</span> <span class='ocrx_word' id='word_1_243' title='bbox 324 1314 399 1341; x_wconf 81' lang='lat' dir='ltr'>enim</span> <span class='ocrx_word' id='word_1_244' title='bbox 413 1312 547 1347; x_wconf 81' lang='lat' dir='ltr'>Dimnus,</span> <span class='ocrx_word' id='word_1_245' title='bbox 570 1320 657 1348; x_wconf 82' lang='lat' dir='ltr'>quum</span> <span class='ocrx_word' id='word_1_246' title='bbox 676 1316 785 1341; x_wconf 85' lang='lat' dir='ltr'>ceteros</span> <span class='ocrx_word' id='word_1_247' title='bbox 801 1313 964 1348; x_wconf 80' lang='lat' dir='ltr'>participes</span> <span class='ocrx_word' id='word_1_248' title='bbox 979 1312 1136 1340; x_wconf 77' lang='lat' dir='ltr'>scelerislo</span> 
     </span>
     <span class='ocr_line' id='line_1_31' title="bbox 114 1352 1094 1389; baseline -0.001 -8"><span class='ocrx_word' id='word_1_249' title='bbox 114 1354 273 1385; x_wconf 81' lang='lat' dir='ltr'>indicaret,</span> <span class='ocrx_word' id='word_1_250' title='bbox 295 1354 438 1381; x_wconf 78' lang='lat' dir='ltr'>Philotam</span> <span class='ocrx_word' id='word_1_251' title='bbox 459 1361 516 1381; x_wconf 88' lang='lat' dir='ltr'>non</span> <span class='ocrx_word' id='word_1_252' title='bbox 538 1352 715 1382; x_wconf 84' lang='lat' dir='ltr'>nominavit!</span> <span class='ocrx_word' id='word_1_253' title='bbox 736 1354 798 1382; x_wconf 85' lang='lat' dir='ltr'>Hoc</span> <span class='ocrx_word' id='word_1_254' title='bbox 815 1353 932 1389; x_wconf 80' lang='lat' dir='ltr'>quidem</span> <span class='ocrx_word' id='word_1_255' title='bbox 949 1354 1026 1381; x_wconf 86' lang='lat' dir='ltr'>illius</span> <span class='ocrx_word' id='word_1_256' title='bbox 1038 1360 1094 1380; x_wconf 85' lang='lat' dir='ltr'>non</span> 
     </span>
     <span class='ocr_line' id='line_1_32' title="bbox 115 1394 1095 1431; baseline -0.002 -8"><span class='ocrx_word' id='word_1_257' title='bbox 115 1396 304 1429; x_wconf 75' lang='lat' dir='ltr'>innocentiae,</span> <span class='ocrx_word' id='word_1_258' title='bbox 316 1395 369 1423; x_wconf 88' lang='lat' dir='ltr'>sed</span> <span class='ocrx_word' id='word_1_259' title='bbox 372 1396 518 1431; x_wconf 84' lang='lat' dir='ltr'>potentiae</span> <span class='ocrx_word' id='word_1_260' title='bbox 529 1395 667 1424; x_wconf 82' lang='lat' dir='ltr'>indicium</span> <span class='ocrx_word' id='word_1_261' title='bbox 679 1399 727 1428; x_wconf 85' lang='lat' dir='ltr'>est,</span> <span class='ocrx_word' id='word_1_262' title='bbox 742 1395 820 1430; x_wconf 77' lang='lat' dir='ltr'>quod</span> <span class='ocrx_word' id='word_1_263' title='bbox 833 1396 874 1423; x_wconf 89' lang='lat' dir='ltr'>sic</span> <span class='ocrx_word' id='word_1_264' title='bbox 885 1394 922 1423; x_wconf 86' lang='lat' dir='ltr'>ab</span> <span class='ocrx_word' id='word_1_265' title='bbox 934 1395 969 1422; x_wconf 85' lang='lat' dir='ltr'>iis</span> <span class='ocrx_word' id='word_1_266' title='bbox 979 1395 1095 1422; x_wconf 86' lang='lat' dir='ltr'>timetur</span> 
     </span>
     <span class='ocr_line' id='line_1_33' title="bbox 115 1436 1095 1472; baseline -0.002 -8"><span class='ocrx_word' id='word_1_267' title='bbox 115 1438 216 1470; x_wconf 81' lang='lat' dir='ltr'>etiam,</span> <span class='ocrx_word' id='word_1_268' title='bbox 229 1444 248 1464; x_wconf 91' lang='lat' dir='ltr'>a</span> <span class='ocrx_word' id='word_1_269' title='bbox 259 1436 360 1472; x_wconf 81' lang='lat' dir='ltr'>quibus</span> <span class='ocrx_word' id='word_1_270' title='bbox 365 1437 460 1472; x_wconf 87' lang='lat' dir='ltr'>prodi</span> <span class='ocrx_word' id='word_1_271' title='bbox 465 1439 574 1472; x_wconf 82' lang='lat' dir='ltr'>potest,</span> <span class='ocrx_word' id='word_1_272' title='bbox 587 1440 631 1471; x_wconf 86' lang='lat' dir='ltr'>ut,</span> <span class='ocrx_word' id='word_1_273' title='bbox 644 1444 731 1472; x_wconf 80' lang='lat' dir='ltr'>quum</span> <span class='ocrx_word' id='word_1_274' title='bbox 744 1437 780 1464; x_wconf 89' lang='lat' dir='ltr'>de</span> <span class='ocrx_word' id='word_1_275' title='bbox 790 1445 820 1464; x_wconf 89' lang='lat' dir='ltr'>se</span> <span class='ocrx_word' id='word_1_276' title='bbox 830 1436 998 1470; x_wconf 75' lang='lat' dir='ltr'>fateantur,</span> <span class='ocrx_word' id='word_1_277' title='bbox 1014 1436 1095 1463; x_wconf 82' lang='lat' dir='ltr'>illum</span> 
     </span>
     <span class='ocr_line' id='line_1_34' title="bbox 115 1476 1135 1513; baseline 0.001 -8"><span class='ocrx_word' id='word_1_278' title='bbox 115 1482 210 1506; x_wconf 83' lang='lat' dir='ltr'>tamen</span> <span class='ocrx_word' id='word_1_279' title='bbox 232 1479 331 1506; x_wconf 86' lang='lat' dir='ltr'>celent.</span> <span class='ocrx_word' id='word_1_280' title='bbox 375 1478 505 1506; x_wconf 85' lang='lat' dir='ltr'>Ceterum</span> <span class='ocrx_word' id='word_1_281' title='bbox 529 1478 672 1506; x_wconf 77' lang='lat' dir='ltr'>Philotam</span> <span class='ocrx_word' id='word_1_282' title='bbox 695 1479 786 1513; x_wconf 84' lang='lat' dir='ltr'>ipsius</span> <span class='ocrx_word' id='word_1_283' title='bbox 807 1478 919 1505; x_wconf 82' lang='lat' dir='ltr'>indicat</span> <span class='ocrx_word' id='word_1_284' title='bbox 939 1478 1006 1505; x_wconf 86' lang='lat' dir='ltr'>vila.</span> <span class='ocrx_word' id='word_1_285' title='bbox 1038 1476 1135 1506; x_wconf 72' lang='lat' dir='ltr'>Hicfl</span> 
     </span>
     <span class='ocr_line' id='line_1_35' title="bbox 115 1518 1096 1555; baseline -0.002 -8"><span class='ocrx_word' id='word_1_286' title='bbox 115 1519 269 1555; x_wconf 72' lang='lat' dir='ltr'>Amyntae,</span> <span class='ocrx_word' id='word_1_287' title='bbox 293 1520 344 1555; x_wconf 87' lang='lat' dir='ltr'>qui</span> <span class='ocrx_word' id='word_1_288' title='bbox 362 1519 434 1547; x_wconf 77' lang='lat' dir='ltr'>mihi</span> <span class='ocrx_word' id='word_1_289' title='bbox 454 1519 640 1547; x_wconf 76' lang='lat' dir='ltr'>consobrinus</span> <span class='ocrx_word' id='word_1_290' title='bbox 654 1519 717 1553; x_wconf 80' lang='lat' dir='ltr'>suit</span> <span class='ocrx_word' id='word_1_291' title='bbox 732 1524 759 1547; x_wconf 87' lang='lat' dir='ltr'>et</span> <span class='ocrx_word' id='word_1_292' title='bbox 775 1521 805 1546; x_wconf 85' lang='lat' dir='ltr'>in</span> <span class='ocrx_word' id='word_1_293' title='bbox 817 1518 994 1547; x_wconf 83' lang='lat' dir='ltr'>Macedonia</span> <span class='ocrx_word' id='word_1_294' title='bbox 1004 1518 1096 1552; x_wconf 85' lang='lat' dir='ltr'>capiti</span> 
     </span>
     <span class='ocr_line' id='line_1_36' title="bbox 114 1558 1094 1596; baseline -0.002 -9"><span class='ocrx_word' id='word_1_295' title='bbox 114 1568 175 1588; x_wconf 84' lang='lat' dir='ltr'>meo</span> <span class='ocrx_word' id='word_1_296' title='bbox 191 1562 296 1596; x_wconf 84' lang='lat' dir='ltr'>impias</span> <span class='ocrx_word' id='word_1_297' title='bbox 313 1561 494 1596; x_wconf 84' lang='lat' dir='ltr'>comparavit</span> <span class='ocrx_word' id='word_1_298' title='bbox 510 1561 647 1595; x_wconf 84' lang='lat' dir='ltr'>insidias,</span> <span class='ocrx_word' id='word_1_299' title='bbox 670 1561 778 1589; x_wconf 89' lang='lat' dir='ltr'>socium</span> <span class='ocrx_word' id='word_1_300' title='bbox 791 1568 822 1588; x_wconf 89' lang='lat' dir='ltr'>se</span> <span class='ocrx_word' id='word_1_301' title='bbox 835 1563 862 1588; x_wconf 92' lang='lat' dir='ltr'>et</span> <span class='ocrx_word' id='word_1_302' title='bbox 872 1559 1016 1588; x_wconf 81' lang='lat' dir='ltr'>conscium</span> <span class='ocrx_word' id='word_1_303' title='bbox 1034 1558 1094 1586; x_wconf 89' lang='lat' dir='ltr'>ad-</span> 
     </span>
     <span class='ocr_line' id='line_1_37' title="bbox 114 1600 1094 1637; baseline -0.001 -9"><span class='ocrx_word' id='word_1_304' title='bbox 114 1603 219 1629; x_wconf 74' lang='lat' dir='ltr'>iunxit.</span> <span class='ocrx_word' id='word_1_305' title='bbox 250 1602 305 1630; x_wconf 91' lang='lat' dir='ltr'>Hic</span> <span class='ocrx_word' id='word_1_306' title='bbox 316 1602 423 1635; x_wconf 63' lang='lat' dir='ltr'>Attalo,</span> <span class='ocrx_word' id='word_1_307' title='bbox 444 1610 499 1637; x_wconf 83' lang='lat' dir='ltr'>quo</span> <span class='ocrx_word' id='word_1_308' title='bbox 510 1603 674 1637; x_wconf 62' lang='lat' dir='ltr'>praviorem</span> <span class='ocrx_word' id='word_1_309' title='bbox 689 1602 835 1630; x_wconf 84' lang='lat' dir='ltr'>inimicum</span> <span class='ocrx_word' id='word_1_310' title='bbox 849 1608 906 1629; x_wconf 88' lang='lat' dir='ltr'>non</span> <span class='ocrx_word' id='word_1_311' title='bbox 920 1600 1023 1633; x_wconf 76' lang='lat' dir='ltr'>habui,</span> <span class='ocrx_word' id='word_1_312' title='bbox 1042 1607 1094 1628; x_wconf 89' lang='lat' dir='ltr'>so-</span> 
     </span>
     <span class='ocr_line' id='line_1_38' title="bbox 113 1642 1135 1677; baseline -0.003 -6"><span class='ocrx_word' id='word_1_313' title='bbox 113 1651 209 1671; x_wconf 80' lang='lat' dir='ltr'>rorem</span> <span class='ocrx_word' id='word_1_314' title='bbox 224 1650 307 1671; x_wconf 88' lang='lat' dir='ltr'>suam</span> <span class='ocrx_word' id='word_1_315' title='bbox 322 1644 352 1671; x_wconf 84' lang='lat' dir='ltr'>in</span> <span class='ocrx_word' id='word_1_316' title='bbox 367 1644 579 1671; x_wconf 83' lang='lat' dir='ltr'>matrimonium</span> <span class='ocrx_word' id='word_1_317' title='bbox 595 1643 682 1671; x_wconf 81' lang='lat' dir='ltr'>dedit.</span> <span class='ocrx_word' id='word_1_318' title='bbox 719 1643 790 1676; x_wconf 85' lang='lat' dir='ltr'>Hic,</span> <span class='ocrx_word' id='word_1_319' title='bbox 813 1650 900 1677; x_wconf 81' lang='lat' dir='ltr'>quum</span> <span class='ocrx_word' id='word_1_320' title='bbox 913 1642 1094 1677; x_wconf 81' lang='lat' dir='ltr'>scripsissem</span> <span class='ocrx_word' id='word_1_321' title='bbox 1106 1643 1135 1668; x_wconf 84' lang='lat'>18</span> 
     </span>
     <span class='ocr_line' id='line_1_39' title="bbox 111 1683 1095 1719; baseline -0.001 -8"><span class='ocrx_word' id='word_1_322' title='bbox 111 1685 142 1712; x_wconf 82' lang='lat' dir='ltr'>ei</span> <span class='ocrx_word' id='word_1_323' title='bbox 148 1691 206 1719; x_wconf 84' lang='lat' dir='ltr'>pro</span> <span class='ocrx_word' id='word_1_324' title='bbox 226 1685 290 1712; x_wconf 85' lang='lat' dir='ltr'>iure</span> <span class='ocrx_word' id='word_1_325' title='bbox 306 1687 364 1711; x_wconf 90' lang='lat' dir='ltr'>tam</span> <span class='ocrx_word' id='word_1_326' title='bbox 381 1684 544 1718; x_wconf 84' lang='lat' dir='ltr'>familiaris</span> <span class='ocrx_word' id='word_1_327' title='bbox 562 1692 630 1712; x_wconf 83' lang='lat' dir='ltr'>usus</span> <span class='ocrx_word' id='word_1_328' title='bbox 644 1688 730 1719; x_wconf 78' lang='lat' dir='ltr'>atque</span> <span class='ocrx_word' id='word_1_329' title='bbox 744 1684 903 1715; x_wconf 80' lang='lat' dir='ltr'>amicitiae,</span> <span class='ocrx_word' id='word_1_330' title='bbox 923 1683 1018 1718; x_wconf 78' lang='lat' dir='ltr'>qualis</span> <span class='ocrx_word' id='word_1_331' title='bbox 1032 1689 1095 1710; x_wconf 87' lang='lat' dir='ltr'>sors</span> 
     </span>
    </p>
   </div>
   <div class='ocr_carea' id='block_1_6' title="bbox 1204 452 1215 475">
    <p class='ocr_par' dir='ltr' id='par_1_8' title="bbox 1204 452 1215 475">
     <span class='ocr_line' id='line_1_40' title="bbox 1204 452 1215 475; baseline -0.455 1"><span class='ocrx_word' id='word_1_332' title='bbox 1204 452 1215 475; x_wconf 64' lang='lat' dir='ltr'>ff(</span> 
     </span>
    </p>
   </div>
  </div>
 </body>
</html>
