1210 1895
87 93 134 111 vni
491 87 719 111 PRAEFATIO.

86 159 173 189 ipsum.
210 157 289 181 Nemo
310 156 423 189 profecto
441 156 562 180 rationem
581 156 689 187 Zumptii
706 156 832 187 probabit,
846 157 965 187 putantis,
983 156 1026 181 'zoe
1041 158 1119 188 ipemn

88 196 159 217 extra
177 192 291 215 ordinem
308 190 481 221 interpositum
500 197 565 214 esse.
602 190 681 220 Epist.
701 197 726 220 p.
745 188 788 214 38.
813 190 867 213 dixi
885 191 1042 216 scribendum
1062 198 1117 215 mse

88 227 123 251 ad
140 225 266 256 oppidum:
286 225 393 248 arbitror
410 228 507 253 tamen,
533 224 568 248 ad
586 223 631 248 hoc
648 224 762 254 oppidum
780 225 883 255 propius
903 225 977 248 etiam
998 225 1031 249 nd
1049 225 1117 249 codi-

89 268 144 285 cum
162 259 295 284 lectionem
313 258 440 283 accedere.

157 294 199 324 lv,
224 294 235 317 1
256 292 308 324 (5),
327 291 369 317 31.
390 305 425 311 ·—
443 293 545 316 eduoeit:
563 299 607 320 ac,
628 292 692 316 velut
710 292 735 315 in
752 292 830 316 medio
845 293 933 322 positis
948 292 1059 323 fundis
1074 293 1116 317 lzo-

88 330 165 357 stium,
183 331 271 351 cuncta
289 326 435 358 agebantur.
472 326 519 358 Egi
538 326 569 350 de
588 325 613 349 h.
633 326 648 349 1.
667 326 740 357 epist.
756 333 780 357 p.
798 325 839 350 30.
861 326 889 349 Et
905 325 1001 357 reliqua
1016 327 1117 357 quidem

87 363 121 387 ita
140 362 265 393 constitui,
284 366 310 385 ut
331 361 347 386 l.
368 361 383 384 l.
404 360 579 385 constituenda
597 367 653 383 esse
673 360 739 384 dixi.-
759 360 866 390 praedis
883 364 966 384 tamen
983 360 1042 392 (pro
1058 361 1117 391 fun-

87 396 139 425 dis)
158 396 242 420 minus
262 400 348 427 aptum
367 395 418 419 vidi
437 402 501 419 esse.
549 394 630 423 Quum
650 394 715 418 enim
733 395 809 426 vulgo
827 395 935 419 omnibus
954 398 1012 426 post
1028 395 1118 425 positis

87 431 200 455 additum
220 430 265 459 sit,
289 437 335 461 pro
355 437 385 453 eo
405 429 430 453 in
449 429 551 460 optimis
571 429 644 452 codd.
664 428 704 452 dis
721 428 759 452 vel
779 429 839 457 diis,
864 430 889 453 in
908 428 979 453 Leid.
1001 429 1072 460 odis,
1092 429 1117 452 in

87 465 212 497 plerisque
229 464 330 492 conctis,
350 464 375 488 in
390 463 465 489 Voss.
482 462 507 487 2.
526 463 603 487 terris
617 462 749 486 invenitur.
785 463 856 487 Nunc
871 463 947 494 igitur
958 463 1046 493 fundis
1055 463 1116 486 scri-

87 500 142 531 psi,
162 505 212 529 quo
231 497 342 522 Curtium
363 505 437 521 usum
456 504 512 521 esse
533 501 609 528 puto,
628 504 659 520 ne
678 497 768 521 iterum
787 498 856 528 agris
874 501 986 529 poneret.
1024 497 1116 525 Quam-

87 540 163 564 quam
182 532 248 556 enim
266 531 462 562 haudquaquam
481 531 530 559 ille,
550 535 577 554 ut
595 538 627 555 ne
648 531 736 562 optimi
755 531 856 561 quidem
875 531 1008 562 scriptores
1025 531 1116 559 Latini,

87 566 223 591 eorundem
247 566 426 591 vocabulorum
449 565 622 597 repetitionem
646 565 805 595 reformidat,
830 566 954 590 interdum
976 569 1060 589 tamen
1084 565 1117 589 ad

88 601 231 625 evitandam
250 608 306 625 eam
325 600 470 632 synonymis
489 600 573 624 utitur.
615 599 698 623 Locus
724 607 782 624 vero
804 601 858 624 sine
876 600 990 630 aedificio
1008 600 1032 623 in
1056 599 1118 623 urbe

87 643 179 663 area,
199 642 259 658 rure
277 638 356 658 autem
374 641 452 665 aper
471 635 628 665 appellatur.-
646 634 756 665 idemque
774 641 837 665 ager
854 641 906 658 cum
919 634 1032 664 aedificio
1047 633 1117 664 fun-

87 670 143 694 dus
161 669 260 693 dicitur.
295 668 371 700 Digg.
392 668 434 693 lib.
454 669 481 692 L.
504 669 542 694 tit.
564 667 604 697 16,
623 667 684 692 211.
706 668 757 692 lam
772 668 927 700 intelligitur,
942 668 1064 699 scriptura
1078 667 1117 691 dis

88 704 126 728 vel
145 703 193 727 diis
212 703 339 733 quomodo
359 706 412 726 orta
431 703 475 726 sit:
496 702 589 734 quippe
607 703 675 733 prior
691 709 750 734 pars
770 702 892 730 vocabuli,
913 705 940 725 ut
959 701 1115 733 saepissime,

88 737 188 762 excidit.
224 736 373 767 Intelligitur
392 736 482 761 deinde
501 737 591 765 etiam,
611 736 677 760 unde
695 736 807 767 profecta
827 736 899 760 lectio
918 737 1011 760 cunctis
1027 736 1074 759 sit:
1094 739 1118 759 ee

87 776 111 796 et
129 772 148 795 d
165 771 231 795 enim
253 771 415 802 saepissime,
437 771 456 802 f
470 775 494 794 et
511 778 525 794 c
543 771 665 794 interdum
685 771 748 794 iuter
765 777 792 794 se
810 774 1001 794 commutantur.
1044 769 1116 793 Intel-

86 806 173 838 ligitur
188 806 305 835 denique,
318 804 444 835 quomodo
454 805 572 829 Vossiani
588 804 611 828 2.
629 810 687 828 nata
703 805 826 836 scriptura
840 805 872 828 sit
887 804 978 828 terris:
988 804 1080 836 quippe
1092 804 1115 827 in

87 840 160 864 codd.
183 839 305 863 Curtianis
324 846 369 870 pro
389 839 453 863 male
477 839 608 863 intellectis
626 839 709 862 verbis
728 839 796 862 haud
819 846 875 862 raro
899 845 1035 870 synonyma
1053 845 1067 861 a
1088 837 1114 861 li-

87 874 176 898 brariis
194 874 277 905 posita
299 877 364 896 sunt.
401 874 431 897 V.
455 873 527 904 epist.
549 880 573 904 p.
600 873 639 897 10.
666 872 703 896 11.

156 908 198 936 lv,
217 906 234 932 3
252 906 323 938 (13),
346 907 387 932 12.
413 908 526 932 triremes
544 907 591 931 tris
608 908 710 931 omnino.
748 907 778 930 V.
799 907 871 938 epist.
890 913 916 937 p.
935 904 977 930 31.

157 943 199 971 lv,
218 940 234 966 6
252 940 322 972 (25),
342 941 366 965 2.
389 942 580 966 Bactrianorum
599 941 696 970 ducem,
712 948 854 971 propere
873 948 942 972 quam
959 941 1064 963 maximo
1082 952 1116 956 —·

86 976 160 1000 iubet.
197 975 281 1008 Vulgo
301 976 331 999 tle
350 975 467 1000 Grouovii
487 976 627 1000 coniectura
644 975 678 999 B.
692 978 842 1006 praetorem,
862 982 933 1006 quam
951 982 981 998 m.
1018 974 1045 997 lu
1055 980 1116 997 non-

87 1011 163 1034 nullis
183 1010 255 1034 codd.
278 1014 316 1033 est
334 1010 424 1035 ducem.
440 1017 576 1041 perquam:
594 1010 619 1033 in
638 1009 763 1041 plerisque
781 1009 872 1034 ducem,
888 1009 912 1033 iu
928 1008 1053 1032 nonnullis
1063 1007 1116 1032 Ba-

87 1045 237 1069 ctrianorum
255 1045 383 1068 omittitur.
422 1043 522 1068 Certum
539 1048 585 1073 est,
602 1051 729 1075 perquam,
750 1050 814 1073 quae
835 1042 946 1074 vulgaris
966 1042 1023 1066 olim
1043 1041 1115 1064 lectio

89 1079 148 1108 tuit,
174 1079 265 1103 falsum
291 1085 356 1103 esee.
399 1078 428 1102 Et
452 1078 583 1110 ingeniosa
608 1078 709 1108 quidem
733 1076 850 1101 Gronovii
873 1077 1014 1101 coniectura
1037 1075 1080 1099 illa
1102 1082 1116 1098 a

88 1114 203 1144 Zumptio
226 1112 332 1142 aliisque
350 1116 458 1144 recepta,
479 1120 559 1143 neque
578 1117 661 1136 tamen
676 1118 760 1135 veram
780 1118 835 1135 eam
853 1111 972 1134 arbitror:
991 1117 1035 1134 cur
1050 1109 1115 1133 enim

88 1148 171 1172 ducem
190 1147 323 1172 reiiciatur.
343 1154 444 1170 caueam
464 1154 512 1170 non
531 1147 613 1171 video.
656 1146 740 1176 Itaque
762 1153 810 1176 per
833 1146 928 1169 mutavi
951 1145 976 1168 in
997 1151 1114 1174 propere.

87 1181 158 1206 Prior
175 1180 250 1205 huius
270 1181 339 1204 vocis
358 1188 417 1212 pars
436 1181 542 1204 excidit:
564 1180 640 1210 quod,
661 1187 737 1210 quum
755 1187 803 1210 per
822 1183 846 1203 et
860 1186 910 1210 pro
925 1177 1050 1203 simillima
1066 1178 1116 1201 sint

88 1220 111 1240 et
130 1217 155 1239 in
175 1215 247 1239 codd.
269 1215 416 1246 saepissime
435 1218 620 1245 permutentur,
645 1214 698 1237 fleri
723 1213 796 1237 facile
815 1214 903 1244 potuit.
942 1212 1021 1236 Simili
1040 1212 1114 1235 modo

87 1249 128 1275 tx,
148 1248 164 1274 6
182 1248 253 1280 (23),
272 1248 296 1273 2.
326 1250 400 1273 verba
425 1249 527 1279 corpori
550 1248 657 1272 invalido
675 1247 788 1271 mutilata
807 1251 877 1271 sunt:
906 1247 998 1271 omissa
1016 1251 1054 1269 est
1072 1253 1115 1269 cor

87 1284 191 1316 syllaba,
213 1288 236 1307 et
254 1291 284 1307 ex
301 1284 360 1314 pori
377 1283 484 1307 invalido
506 1283 595 1307 deinde
614 1282 707 1306 factum
725 1281 889 1312 perinvalido.
926 1280 1041 1305 Ceterum
1055 1287 1115 1310 pro—

85 1326 146 1349 pere
166 1318 191 1341 h.
211 1318 226 1341 Ι.
248 1318 414 1349 aptissimum,
435 1317 552 1347 quoniam
571 1316 697 1340 celeritate
716 1323 776 1339 sane
795 1320 853 1339 tune
870 1322 934 1346 opus
951 1318 1011 1338 erat.

157 1352 196 1376 [V.
219 1351 235 1377 6
254 1350 325 1383 (27),
347 1350 387 1376 19.
412 1352 516 1382 largius.
551 1350 635 1382 Vulgo
650 1350 734 1378 latius,
750 1349 821 1373 codd.
839 1350 942 1381 longius.
981 1349 1061 1377 Quum
1072 1355 1113 1371 ue—

87 1394 144 1417 que,
163 1393 237 1417 quam
254 1386 313 1411 late.
336 1393 424 1416 neque,
444 1393 519 1415 quam
539 1385 613 1416 longe
633 1385 736 1416 sanguis
756 1385 901 1412 manaverit,
916 1382 1016 1412 referat,
1032 1382 1114 1413 posui,

87 1421 154 1450 quod
174 1420 223 1444 iam
242 1419 367 1444 Miitzellio
387 1420 411 1443 in
431 1423 538 1443 mentem
558 1420 633 1447 venit,
653 1419 756 1449 largius.

156 1455 196 1483 1v,
217 1453 232 1479 6
251 1452 321 1486 (27),
342 1452 382 1479 19.
407 1457 502 1484 tepens.
544 1453 627 1484 Vulgo
654 1460 755 1483 recens,
776 1452 799 1475 Z.
821 1455 931 1482 stupens.
967 1450 1038 1475 Nulla
1057 1457 1115 1481 pro-

88 1489 151 1512 tecto
172 1489 338 1520 explicatione
358 1488 459 1512 defendi
477 1488 568 1519 poterit
591 1490 691 1517 stupens
714 1487 808 1510 vulnus.
852 1486 907 1509 Non
928 1484 1114 1517 elegantissima

86 1522 176 1551 modo,
197 1523 241 1546 sed
263 1523 338 1546 etiam
358 1522 487 1546 verissima
506 1521 612 1545 Acidalii
630 1522 771 1545 coniectura
790 1524 840 1548 est,
859 1527 873 1544 a
892 1527 932 1544 me
949 1522 1062 1550 recepta,
1082 1517 1114 1541 ad

86 1564 161 1588 quam
180 1557 255 1580 etiam
272 1556 384 1587 vulgaris
403 1556 475 1580 lectio
495 1556 569 1579 ducit.
615 1555 736 1579 Probatur
760 1554 802 1578 illa
824 1554 907 1586 Ieepio
926 1560 1038 1584 quoque,
1071 1552 1113 1581 qui

85 1592 124 1623 (p.
144 1589 202 1622 68.)
222 1590 303 1614 allatis
321 1589 444 1621 exemplis
464 1589 570 1621 Zumptii
590 1590 736 1613 sententiam
756 1588 886 1617 refutavit,
907 1587 1044 1619 opinantis,
1063 1592 1112 1609 non

86 1625 185 1652 vulnus,
205 1625 251 1648 sed
270 1624 419 1656 sanguinem
438 1628 532 1655 tepere.

152 1659 195 1687 IV,
213 1657 228 1682 7
249 1657 319 1688 (29),
338 1657 364 1682 4.
398 1656 453 1690 [ad]
478 1658 652 1682 Gerr-asaron
675 1664 745 1681 amne
768 1660 895 1687 superato.
938 1655 1017 1680 Codd.
1036 1653 1114 1678 Oron-

84 1692 213 1724 Zumptius
229 1693 332 1717 Heroon
348 1692 378 1716 de
393 1691 547 1716 Schmiederi
564 1693 626 1717 coni.
639 1691 747 1722 scripsit.
784 1691 880 1714 Heroon
892 1697 990 1714 amnem
1001 1687 1113 1713 schmie-
