1215 1905
314 111 387 141 ΜΒ.
403 111 440 140 v.
463 109 544 140 CAP.
559 110 636 146 X111,
651 114 694 140 24.
711 114 753 140 25.
778 120 817 147 [v.
836 120 869 142 as.
892 120 932 146 ω
1080 108 1139 140 107

147 189 251 214 deorum
271 187 486 219 consanguineum
510 185 659 210 salutarent:
688 194 832 218 magnoque
856 187 946 211 iterum
969 186 1139 218 experimento

147 222 312 255 approbatum
327 225 377 250 est,
397 221 520 245 neminem
539 221 620 252 magis
635 224 722 251 patere
738 221 868 252 fortunae,
887 228 963 252 quam
974 221 1017 251 qui
1027 220 1141 252 pluribus

149 257 263 282 eiusdem
276 255 405 281 blanditiis
416 255 524 279 irretitus
535 255 623 287 iugum
635 254 704 278 illius
716 259 768 280 tota
779 255 879 280 cervice
890 253 1033 287 receperit].

494 370 660 400 LIBER
699 370 747 401 vt.

467 459 780 487 ARGUMENTUM.

149 520 168 546 1.
187 518 280 543 Proelii
298 518 362 542 inter
377 517 589 542 Lacedaemonios
611 522 686 548 atque
705 517 857 541 Macedones
877 516 1021 547 descriptio.
1050 515 1142 547 Agidis

182 560 257 577 mors.
268 552 320 576 Pax
329 552 360 576 ab
368 551 513 576 Alexandro
522 552 594 575 victis
604 551 813 575 Lacedaemoniis
824 550 978 575 conceditur.
991 550 1020 575 11.
1032 549 1142 573 Alexan-

184 587 228 612 der
240 586 304 611 bello
321 586 425 610 invictus
443 586 492 610 otio
510 590 534 610 et
553 586 648 610 deliciis
668 585 802 617 frangitur:
823 585 889 609 unde
906 591 992 608 rumor
1006 585 1032 608 in
1043 584 1138 612 castris,

184 621 226 652 qui
235 624 374 653 torpentem
385 621 484 645 excitat.
512 620 551 645 111.
571 620 707 644 Alexandri
724 619 756 643 ad
771 619 863 643 milites
874 619 962 649 oratio,
974 623 1000 642 ut
1011 618 1106 642 bellum
1116 618 1142 641 in

183 655 245 679 Asia
255 654 398 679 inchoatum
411 658 592 686 persequantur
605 658 629 678 et
639 654 781 679 absolvant.
800 653 843 678 IV.
856 653 975 683 Ziobetis,
986 653 1043 676 miri
1058 652 1141 676 flumi-

183 690 232 719 nis,
248 689 393 720 descriptio.
421 689 565 713 Alexander
574 688 716 712 Nabarzani
728 695 774 719 per
785 688 882 712 litteras
892 687 1000 711 salutem
1010 687 1141 717 quaerenti

182 724 281 748 veniam
290 723 429 755 pollicetur.
455 722 550 747 Deinde
560 723 622 746 mari
632 722 722 754 Caspio
734 727 758 746 et
770 722 910 754 Hyrcaniae
923 721 1054 753 proximus
1066 728 1142 751 quos-

180 758 238 782 dam
245 758 320 783 Darei
330 757 473 788 praefectos
483 757 571 788 recipit
590 757 615 781 in
625 758 742 788 gratiam.
780 757 812 780 V.
834 757 961 780 Artabazo
976 762 1076 779 summa
1086 763 1140 779 cum

182 792 259 815 animi
280 791 446 815 benivolentia
456 796 561 822 excepto
570 809 577 822 ‚
591 791 708 821 Graecis,
723 791 765 822 qui
773 791 883 815 Dareum
892 790 1050 820 adiuverant,
1063 790 1143 820 parcit

184 825 328 850 Alexander
347 829 383 853 et,
401 825 545 849 Mardorum
560 830 636 856 gente
652 825 792 855 debellata,
811 825 968 848 Amazonum
984 824 1086 855 reginae
1099 831 1141 847 cu-

178 860 258 892 pidini
274 858 406 884 satisfacit.
440 859 483 884 Vl.
509 859 659 883 Macedones
678 859 816 883 Alexandri
834 858 995 882 offenduntur
1014 859 1139 882 moribus:

182 894 237 925 qui,
254 897 280 918 ut
290 893 439 917 seditionem
455 897 590 922 averteret,
612 893 645 917 ad
661 893 754 917 bellum
767 892 846 916 Besso
861 892 1021 917 inferendum
1033 896 1142 916 mentem

180 928 315 959 convertit,
337 927 406 958 quod
426 931 605 959 stratagemate
615 927 730 951 inchoat:
751 926 956 955 Safibarzanem,
982 926 1051 957 quod
1073 926 1142 950 defe-

179 963 267 991 cisset,
287 961 398 993 primum
415 962 589 993 persequitur,
607 962 729 986 barbaros
741 969 755 986 a
768 962 894 986 montibus
908 961 1007 986 fortiter
1020 960 1140 993 dispellit,

182 997 349 1020 Artacoanam
359 1000 497 1028 expugnat.
520 996 574 1021 Vll.
595 995 798 1020 Coniurationem
810 996 835 1020 in
848 995 1022 1020 Alexandrum
1035 995 1141 1019 Dimnns

181 1029 333 1055 Nicomacho
344 1048 351 1061 ‚
367 1029 409 1054 hio
425 1037 471 1061 per
489 1030 635 1054 Cebalinum
656 1029 757 1055 fratrem
774 1030 921 1057 Alexandro
937 1030 1040 1061 detegit.
1079 1030 1142 1053 Hinc

182 1071 248 1088 mors
260 1064 356 1094 Dimni,
373 1064 416 1095 qui
425 1065 480 1096 ipse
490 1065 539 1088 sibi
554 1071 642 1088 manus
653 1064 736 1091 infert.
772 1064 837 1090 vm.
857 1065 1005 1088 Amicorum
1015 1065 1140 1095 regiorum

181 1098 286 1123 consilio
300 1098 427 1129 Philotas,
446 1099 618 1122 Parmenionis
630 1098 712 1127 filius,
732 1099 912 1123 coniurationis
934 1104 1019 1122 auctor
1030 1102 1053 1122 et
1063 1099 1140 1130 parti-

172 1130 241 1164 ceps
252 1133 373 1162 creditus,
385 1132 483 1164 capitur
494 1140 531 1161 ac,
542 1133 624 1157 velato
635 1133 723 1164 capite,
733 1133 758 1156 in
768 1134 865 1165 regiam
875 1133 1016 1158 abducitur.
1041 1132 1084 1158 1x.
1104 1132 1141 1156 De

183 1167 355 1191 coniuratione
370 1166 492 1191 adversus
502 1166 624 1191 Philotam
635 1167 772 1191 Alexandri
782 1168 814 1192 ad
824 1167 916 1191 milites
931 1168 1011 1191 oratio
1019 1185 1024 1195 ,
1043 1168 1068 1190 in
1078 1174 1141 1197 quo-

182 1208 237 1225 rum
256 1201 402 1225 concionem
417 1201 541 1226 adductus
551 1201 664 1226 Philotas
675 1201 846 1226 defensionem
856 1206 937 1233 parat.
976 1201 1007 1227 X.
1028 1201 1141 1225 Philotae

183 1235 271 1264 oratio,
285 1243 335 1266 qua
346 1235 527 1260 coniurationis
539 1236 724 1260 accusationem
733 1236 836 1268 copiose
847 1235 946 1260 refellit.
984 1234 1028 1260 XI.
1048 1235 1140 1260 Coneio

181 1276 196 1293 a
208 1269 318 1300 quodam
328 1269 423 1294 Bolone
436 1277 542 1294 accensa
557 1271 582 1294 iu
597 1270 720 1294 Philotam
739 1271 829 1302 surgit.
857 1271 880 1294 Is
896 1270 971 1302 paulo
985 1274 1056 1302 post,
1073 1274 1099 1293 ut
1114 1277 1140 1294 se

182 1304 333 1328 cruciatibus
343 1303 474 1331 liberaret,
493 1305 689 1329 coniurationem
705 1305 758 1328 sive
768 1305 851 1329 fictam
870 1305 924 1328 sive
939 1311 1024 1328 veram
1040 1304 1138 1328 coufite-

181 1341 222 1361 tur
231 1342 258 1376 et
273 1345 294 1397 εἰ)
301 1338 479 1363 Macedonibus
493 1346 549 1363 cum
565 1339 620 1363 aliis
634 1347 649 1363 a
667 1339 819 1363 Nicomacho
832 1339 966 1364 nominatis
980 1346 1049 1363 more
1059 1339 1139 1370 patrio

182 1378 251 1396 saxis
262 1379 277 1396 ο
296 1372 384 1396 ruitur.

303 1440 636 1478 [Supptementum
656 1441 939 1481 Freinshemii]

215 1497 292 1530 [Dum
303 1507 332 1524 ea
342 1507 386 1531 per
398 1502 486 1525 Asiam
496 1506 625 1534 geruntur,
637 1509 667 1526 ne
677 1503 702 1526 in
715 1502 818 1526 Graecia
829 1503 930 1533 quidem
942 1502 1138 1533 Macedoniaque

145 1533 294 1563 tranquillae
305 1541 344 1558 res
355 1534 435 1560 fuere.
465 1535 596 1567 Regnabat
607 1537 675 1568 apud
686 1537 900 1561 Lacedaemonios
908 1537 980 1568 Agis,
994 1536 1139 1560 Archidami

143 1566 224 1598 itlius,
240 1568 284 1599 qui
300 1569 442 1592 Tarentinis
456 1576 530 1601 opem
541 1569 623 1594 ferens
635 1571 757 1594 ceciderat
771 1571 860 1595 eodem
871 1571 927 1602 die,
946 1579 995 1601 quo
1006 1570 1138 1602 Philippus

143 1600 313 1626 Athenienses
327 1602 360 1626 ad
367 1601 536 1628 Chaeroneam
548 1605 615 1629 vicit.
635 1605 667 1633 Is,
679 1605 816 1629 Alexandri
827 1612 872 1636 per
883 1605 1002 1630 virtutem
1013 1606 1138 1634 aemulus,

144 1635 212 1660 cives
223 1643 283 1660 suos
293 1636 448 1666 stimulabat,
462 1645 493 1662 ne
505 1637 635 1662 Graeciam
644 1640 765 1663 servitute
773 1639 938 1663 Macedonum
950 1640 1044 1664 diutius
1057 1640 1138 1671 premi

143 1673 301 1701 paterentur:
321 1671 369 1695 uisi
380 1672 404 1695 in
415 1676 528 1703 tempore
542 1673 717 1704 providerent,
735 1673 802 1697 idem
817 1674 904 1705 iugum
915 1674 948 1698 ad
963 1674 1033 1705 ipsos
1047 1675 1138 1698 transi-

143 1707 228 1728 turum
237 1711 302 1728 esse.
321 1706 491 1730 Annitendum
503 1707 588 1738 igitur,
609 1707 669 1731 dum
679 1707 777 1738 aliquae
788 1707 870 1731 adhuc
879 1708 962 1731 Persis
975 1708 1007 1733 ad
1018 1709 1138 1732 resisten-

144 1737 205 1762 dum
215 1738 281 1763 vires
292 1744 387 1764 essent:
405 1740 455 1764 illis
469 1742 606 1773 oppressis,
618 1741 739 1765 adversus
749 1742 883 1766 immanem
894 1743 1032 1774 potentiam
1044 1742 1137 1766 frustra
