1215 1905
134 72 193 105 126
476 73 509 108 Q.
534 73 689 101 CURTll
711 73 818 102 RUFI

131 149 276 179 mentario
299 147 497 184 abscondito,
524 148 662 183 protinus
684 148 749 183 regi
770 155 883 183 corpus
900 148 975 177 sorte
991 146 1119 184 curanti,

132 191 205 228 quid
220 190 248 219 ei
263 190 354 219 index
370 189 538 223 detulisset,
556 188 697 218 ostendit.
1151 188 1154 190 '

209 230 276 266 (27)
287 232 363 267 Rex,
376 231 415 260 ad
428 230 747 267 comprehendendum
756 229 895 259 Dimnum
909 229 1011 260 missis
1027 232 1116 260 satel-
1125 235 1157 261 24

132 273 241 307 litibus,
259 272 523 309 armamentarium
534 273 632 301 intrat.
652 271 697 301 Ibi
709 272 870 301 Cebalinus
882 271 995 308 gaudio
1009 273 1114 308 elatus,

130 316 230 344 Habeo
241 319 282 350 te,
299 314 408 351 inquit,
426 316 596 343 incolumem
612 322 651 343 ex
662 315 817 350 impiorum
828 314 963 342 manibus
973 317 1115 351 ereptum.

131 358 326 386 Percontatus
343 355 453 385 deinde
468 356 658 390 Alexander,
681 363 759 392 quae
774 355 931 384 noscenda
946 359 1044 390 erant,
1069 363 1116 384 or—
1124 360 1157 386 25

131 399 200 427 dine
216 402 325 427 cuncta
341 397 508 433 cognoscit.
538 398 719 432 Rursusque
734 396 840 426 institit
855 404 1016 432 quaerere,
1041 405 1115 433 quo-

130 445 177 469 tus
194 439 260 469 dies
277 444 373 475 esset,
396 447 434 467 ex
457 447 517 475 quo
533 438 734 468 Nicomachus
751 438 790 466 ad
808 446 876 467 eum
898 438 1057 467 detulisset
1071 438 1115 467 in—

130 481 257 510 dicium:
281 484 372 516 atque
393 480 443 509 illo
461 481 585 515 fatente,
606 480 665 508 iam
684 480 803 509 tertium
819 487 904 515 esse,
927 479 1113 514 existimans,
1123 484 1157 510 26

129 523 211 552 haud
237 522 411 558 incorrupta
432 522 493 550 fide
514 526 595 550 tanto
618 526 689 558 post
710 522 843 555 deferre,
869 529 947 557 quae
968 521 1113 556 audierat,

130 565 235 593 vinciri
251 572 319 593 eum
334 564 473 593 iusserat.
498 564 551 592 Ille
567 563 720 592 clamitare
736 562 852 599 coepit,
875 563 982 591 eodem
1000 567 1114 599 tempo-
1122 567 1155 594 27

130 606 171 635 ris
186 610 349 641 momento,
366 613 426 641 quo
444 605 589 638 audisset,
605 605 644 633 ad
658 604 802 633 Philfitam
818 604 1007 633 decurrisse:
1023 604 1061 633 ab
1077 612 1113 633 eo

131 652 366 684 percontaretur.
391 647 457 675 Rex
473 646 543 675 item
557 654 717 682 quaerens,
733 654 769 673 an
778 645 921 674 Philctam
934 646 1058 681 adisset,
1075 653 1112 674 an
1122 650 1155 676 28

130 689 288 718 institisset
310 688 354 723 ei,
377 692 409 717 ut
431 687 603 724 perveniret
623 688 661 716 ad
678 696 725 721 se,
749 691 964 723 perseverante
979 695 1016 716 eo
1032 687 1113 716 affir-

130 739 227 766 mare,
245 739 323 767 quae
341 730 472 764 dixerat,
489 737 596 758 manus
612 729 651 758 ad
667 729 784 758 coelum
801 729 943 764 tendens,
968 727 1112 758 mananti-

129 774 187 802 bus
209 772 357 806 lacrimis,
383 771 461 800 hanc
483 771 539 799 sibi
555 779 572 799 a
589 770 745 799 carissimo
769 770 922 806 quondam
946 771 1111 799 amicorum

130 815 254 843 relatam
279 814 404 850 gratiam
432 813 622 849 querebatur.
674 813 754 840 Inter
778 811 854 840 haec
879 811 1005 840 Dimnus
1031 811 1154 841 haud29

130 857 261 892 ignarus,
280 863 369 892 quam
386 855 424 883 ob
438 862 560 882 causam
576 858 784 882 accerseretur
795 861 813 880 a
824 861 904 888 rege,
922 853 1032 889 gladio,
1051 861 1110 889 quo

130 899 206 926 forte
223 902 287 926 erat
298 897 428 929 cinctus,
445 896 575 931 graviter
591 903 625 924 se
641 896 777 923 vulnerat
792 903 985 931 occursuque
1001 894 1111 923 satelti-

129 945 191 969 tum
204 938 347 967 inhibitus
362 938 510 974 perfertur
521 937 551 965 in
564 936 687 973 regiam.
709 936 802 971 Quem
815 936 933 965 intuens
945 944 1009 971 rex,
1023 936 1112 971 Quod,
1120 939 1154 965 30

129 980 240 1017 inquit,
262 982 290 1009 in
304 984 344 1011 te,
359 980 475 1013 Dimne,
489 982 599 1007 tantum
611 980 735 1014 coyitavi
746 978 846 1013 nefas,
866 982 895 1006 ut
907 978 1112 1007 tibiMacedff—

129 1031 197 1051 num
210 1030 301 1058 reqno
313 1022 430 1057 diynior
441 1021 569 1049 Philotas
581 1028 625 1049 me
635 1028 746 1056 quoque
765 1021 828 1055 ipso
838 1018 1006 1048 videretur?
1026 1019 1111 1047 Illum

130 1065 188 1093 iam
211 1063 365 1092 deiecerat
388 1070 457 1091 vox.
501 1062 605 1097 ltaque
622 1061 701 1090 edito
717 1061 829 1097 gemitu
845 1062 990 1096 vultuque
1005 1068 1023 1088 a
1039 1068 1110 1089 con-

130 1109 238 1141 spectu
254 1104 334 1140 regIS
350 1112 470 1137 averso,
488 1103 616 1131 subinde
633 1103 787 1139 collapsus
804 1102 995 1138 extinguitur.

209 1145 276 1181 (28)
297 1147 378 1179 Rex,
401 1145 514 1173 Philc'ita
536 1145 639 1173 venire
655 1144 683 1172 iu
701 1145 813 1180 regiam
828 1144 929 1179 iusso,
952 1144 1149 1178 Cebalinus,3l

128 1188 239 1224 inquit,
255 1189 385 1217 ultimam
397 1188 572 1223 supplicium
585 1188 716 1221 meritus,
734 1188 761 1214 si
770 1187 800 1214 in
814 1190 902 1222 caput
913 1193 1006 1214 meum
1012 1193 1111 1222 prae-

124 1234 252 1267 paratas
270 1230 393 1258 insidias
410 1229 497 1257 biduo
515 1229 601 1261 texit,
625 1228 711 1256 huius
727 1229 858 1256 criminis
869 1228 1011 1255 Philotam
1029 1234 1110 1255 reum

127 1273 284 1305 substituit,
307 1271 348 1299 ad
364 1278 447 1306 quem
455 1271 589 1306 protinus
607 1269 745 1297 indicium
765 1269 899 1297 detulisse
919 1277 949 1297 se
967 1268 1109 1303 affirmat.

130 1314 191 1348 Quo
203 1314 346 1349 propiore
361 1312 462 1348 qratia
482 1312 627 1340 amicitiae
646 1319 691 1339 me
707 1312 864 1345 minimis,
887 1311 940 1338 hoc
961 1311 1055 1338 maius
1071 1313 1151 1339 est32

129 1355 365 1384 dissimulationis
388 1357 455 1381 tuae
474 1353 610 1387 facinus,
632 1356 660 1381 et
675 1360 728 1387 eqo
751 1352 848 1380 Ceba?
858 1360 884 1380 ιο
906 1353 1000 1386 mayis
1022 1359 1109 1387 quam

128 1397 257 1425 Plzz‘latae
275 1396 307 1424 id
323 1396 477 1424 convenire
491 1394 599 1429 fateor.
643 1395 793 1422 Faventem
811 1393 823 1421 Ι
868 1402 898 1421 es
915 1393 1054 1426 iudicem,
1076 1394 1109 1427 si,

128 1439 207 1474 quod
227 1438 342 1466 admitti
362 1445 419 1466 non
441 1437 580 1473 oportuit,
602 1437 703 1464 saltem
720 1436 827 1471 negari
840 1438 939 1470 potest.
972 1434 1021 1462 Ad
1035 1433 1151 1462 haec33

128 1480 258 1508 Phiifitas
274 1479 355 1508 haud
371 1485 444 1507 sane
460 1477 607 1513 trepidus,
624 1477 649 1506 si
665 1476 782 1505 animus
795 1476 879 1505 vultu
891 1474 1109 1509 aestimaretur,

130 1521 305 1550 CebaIInum
329 1520 450 1556 quidem
473 1518 563 1548 scorti
581 1526 751 1547 sermonem
766 1518 804 1546 ad
820 1525 853 1546 se
870 1516 1030 1549 detulisse,
1054 1515 1109 1544 sed

128 1563 228 1598 ipsum
245 1566 303 1591 tam
320 1561 378 1591 levi
392 1560 507 1590 auctori
520 1560 592 1589 nihii
607 1560 775 1589 credidisse
787 1558 954 1595 respondit,
970 1556 1106 1591 veritum,

128 1612 165 1632 ne
180 1603 309 1640 iurgium
325 1603 400 1631 inter
415 1607 578 1632 amatorem
594 1606 623 1631 et
638 1602 790 1631 exoletum
805 1609 864 1629 non
881 1599 947 1629 sine
960 1599 1025 1628 risu
1036 1598 1108 1627 alio-

129 1653 193 1675 rum
209 1644 380 1674 detulisset:
404 1652 494 1680 quum
516 1644 640 1673 Dimnus
661 1641 843 1672 interemerit
864 1644 972 1676 semet,
996 1639 1149 1676 qualia-34

128 1695 248 1723 cunque
264 1690 357 1721 erant,
374 1694 433 1715 uon
450 1686 545 1715 fuisse
560 1685 721 1714 reticenda.
745 1684 991 1719 Complexusque
1006 1689 1108 1717 regem
