1215 1895
276 58 348 88 LlB.
364 57 412 86 111.
437 55 519 85 CAP.
537 55 584 90 Xl,
602 57 703 84 1—19.
725 56 771 82 [ΙΙΙ.
788 55 872 76 ²⁶-28-
894 50 931 83 z·]
1087 51 1125 81 21

135 135 347 167 Rheomithres
364 133 538 165 etSataces
557 129 829 168 praemi-Aegypti,
846 136 1025 166 magnorum
1040 135 1126 157 exer-

138 177 250 208 cituum
267 175 428 213 praetecti,
450 173 695 203 noscitabantur:
719 171 800 201 circa
816 178 871 200 eos
894 170 1046 200 cumulata
1065 173 1127 198 erat

139 219 272 257 peditum
288 217 484 254 equitumque
497 214 659 245 obscurior
671 213 768 243 turba.
790 213 990 242 Macedonum
1004 219 1128 248 quoque

139 269 197 291 non
217 259 339 297 quidem
354 258 446 294 multi,
462 258 518 287 sed
534 255 755 293 promptissimi
772 259 870 284 tamen
887 254 970 283 eaesi
983 258 1067 283 sunt:
1085 253 1127 282 in-

139 308 184 333 ter
206 310 284 339 quos
306 299 471 330 Alexandri
496 299 636 328 dextrum
660 298 756 326 femur
779 297 825 325 lex
829 296 884 325 1te1
900 303 1044 325 mucrone
1062 303 1128 331 per-

103 345 275 375 tlstricturu
291 347 345 372 est.
372 342 503 377 Iamque.
513 340 565 377 qui
582 341 711 369 Dareum
728 338 879 368 vehebant
893 338 974 374 equi⁷
992 335 1129 366 confossi

138 386 233 416 hastis
249 389 279 414 et
292 385 398 414 dolore
414 383 530 413 efferati
556 381 660 418 iugum
678 385 802 418 quatere
815 384 844 409 et
856 387 959 416 legem
971 387 1062 408 curru
1078 386 1129 407 ex-

138 433 239 458 cutere
261 430 439 463 coeper2ant
467 433 560 461 quum
576 424 627 452 ille
649 423 778 456 xei-,itus
803 430 840 451 ue
864 422 951 451 vivus
966 421 1085 450 veniret
1100 419 1128 449 in

140 469 271 500 hostium
287 471 477 505 potestatem
493 465 596 495 desilit
612 470 640 495 et
656 465 685 493 in
701 473 823 501 equum,
841 463 913 500 qui
905 463 944 492 ad
955 463 1013 492 hoe
1030 463 1130 500 ipsum

139 511 338 548 sequebatur,
354 508 531 546 imponitur,
549 507 719 545 insignibus
737 514 860 543 quoque
877 504 1010 542 imperii,
1032 513 1069 534 ne
1086 505 1129 533 t'u-

103 559 210 591 ngam
226 552 397 589 proderent
416 551 559 580 indecore
575 549 712 579 abiectis.
749 549 822 577 Tum
844 556 916 577 v·e10
934 547 1026 576 ceteri
1041 546 1130 576 dissi-

143 599 250 632 pantur
273 598 353 623 metu
384 599 421 628 et,
444 601 504 629 qua
520 592 632 628 cuique
647 592 685 620 ad
704 591 804 626 sugam
820 590 943 626 patebat
958 588 1015 622 via
1033 596 1130 617 elum-

143 641 225 673 puut‚
238 643 321 665 arma
332 635 487 668 iacientes
501 642 579 671 quae
592 634 684 670 paulo
698 637 768 661 ante
781 632 819 660 ad
833 632 955 661 tutelam
968 638 1130 667 corporum

106 684 134 709 13
144 682 350 714 sumpserant:
367 677 444 705 adeo
462 685 519 712 pax
523 684 558 704 or
573 675 621 704 eti
621 684 661 704 un
678 674 791 704 auxilia
809 673 958 703 s01mid‘tt
998 672 1132 701 Instabat

142 719 326 756 fugientibus
348 726 444 755 eques
467 727 484 746 a
505 717 701 747 Parmenione
723 716 852 750 missus,
876 719 906 744 et
921 716 997 744 sorte
1013 714 1042 743 iu
1060 714 1130 743 illud

143 769 238 791 cornu
254 769 360 790 omnes
378 761 447 795 suga
462 759 636 788 abstulerat.

218 803 257 832 At
279 802 306 831 iu
336 803 443 830 dextro
466 801 576 830 Persae
602 800 767 830 Thessalos
794 798 914 836 equites
938 798 1132 827 vehementer

104 844 298 881 iiurgebant.
340 844 465 880 Ianique
486 851 547 872 una
568 844 616 872 ala
638 842 707 879 ipso
730 842 843 878 impetu
868 840 1044 877 proculcata
1060 844 1131 875 erat,

144 894 235 923 quum
247 885 394 919 Thessali,
409 889 531 914 strenue
544 884 735 914 circumactis
748 883 836 920 equis
850 882 969 919 dilapsi,
983 890 1090 911 rursus
1103 881 1133 910 in

144 927 293 965 proelium
318 928 446 956 redeunt
472 935 662 963 sparsosque
689 930 717 954 et
742 925 965 961 incompositos
988 923 1134 953 victoriae

105 969 256 1000 l5fidueia
270 969 417 998 barbaros
432 968 546 1005 ingenti
569 969 663 997 caede
680 971 884 1004 prosternunt.
928 966 1006 1003 Equi
1022 965 1133 1003 pariter

145 1010 327 1048 equitesque
348 1011 508 1039 Persarum
530 1010 608 1039 serie
631 1009 808 1038 laminarum
834 1008 957 1044 [obtecti
979 1011 1018 1043 et]
1046 1008 1084 1037 ob
1103 1007 1135 1036 id

144 1061 253 1090 graves
269 1061 367 1089 genus
384 1051 571 1087 certaminis,
590 1052 672 1088 quod
690 1051 843 1080 celeritate
858 1050 989 1080 maxime
1006 1054 1135 1085 constat,

146 1102 236 1131 aegre
257 1094 472 1123 moliebantur:
501 1093 616 1130 quippe
638 1093 667 1121 in
691 1091 934 1129 circumagendis
958 1091 1046 1128 equis
1069 1090 1135 1120 suis

145 1135 283 1164 Thessali
299 1135 382 1164 inulti
399 1143 454 1164 eos
470 1138 705 1172 occupaverant.

109 1181 137 1207 16
225 1176 291 1213 (28)
313 1177 376 1206 Hac
399 1181 458 1205 tam
479 1185 629 1213 prospera
652 1184 752 1213 pugna
773 1176 921 1208 nuntiata,
948 1175 1133 1210 Alexander,

146 1227 205 1248 non
221 1223 290 1247 ante
305 1227 400 1247 ausus
413 1219 559 1255 persequi
572 1219 729 1254 barbarosy
745 1217 897 1253 utrimque
910 1217 969 1246 iam
981 1216 1080 1246 victor
1091 1216 1135 1245 in-

108 1264 136 1290 l7
146 1265 225 1290 stare
241 1259 425 1296 fugientibus
442 1260 553 1297 coepit.
576 1260 665 1289 Haud
680 1260 811 1296 amplius
828 1268 931 1296 regem
947 1267 1038 1296 quam
1054 1259 1136 1288 inille

146 1301 264 1339 equites
277 1302 491 1338 sequebantur,
506 1310 597 1338 quum
610 1302 717 1338 ingens
727 1302 885 1331 multitudo
899 1301 1032 1331 hostium
1046 1301 1136 1330 cade-

145 1348 199 1373 ret.
222 1343 281 1373 Sed
300 1343 368 1380 quis
385 1348 436 1373 aut
452 1344 481 1372 iu
499 1344 625 1373 victoria
646 1349 697 1373 aut
719 1344 747 1372 in
768 1344 838 1380 suga
855 1343 961 1380 copias
978 1346 1137 1372 numerat?

144 1385 321 1422 Agebantur
334 1394 406 1422 ergo
420 1394 438 1414 a
451 1390 509 1415 tam
527 1385 633 1422 paucis
654 1394 799 1422 pecorum
815 1386 916 1421 modo,
933 1390 962 1415 et
977 1384 1058 1414 idem
1073 1392 1135 1413 me-

107 1431 137 1458 18
146 1432 202 1460 tus,
220 1426 270 1464 qui
287 1428 416 1464 cogebat
431 1427 545 1464 sugere,
564 1427 714 1464 fugientes
730 1428 913 1456 morabatur.
955 1429 995 1456 At
1018 1425 1136 1462 Graeci,

147 1468 198 1506 qui
212 1468 241 1498 in
258 1469 345 1498 Darei
362 1469 498 1506 partibus
515 1473 669 1504 steterant,
685 1471 818 1506 Amynta
830 1470 917 1503 duce7
934 1472 1071 1506 (praetor
1087 1467 1136 1496 hic

144 1511 310 1540 Alexandri
327 1512 438 1546 suerat,
456 1515 527 1540 tunc
542 1512 713 1548 transfuga)
728 1511 850 1548 abrupti
871 1519 889 1539 a
905 1510 1030 1546 ceteris,
1053 1510 1135 1539 haud

108 1555 137 1582 19
145 1560 219 1582 sane
232 1552 416 1590 fugientibus
430 1552 544 1582 similes
557 1557 727 1582 evaserant.
739 1552 865 1582 Barbari
879 1553 969 1589 longe
981 1552 1135 1581 diversam

146 1594 246 1631 fugam
262 1594 470 1624 intenderunt:
486 1594 545 1631 alii,
563 1603 623 1631 qua
637 1599 751 1624 rectum
765 1595 820 1624 iter
832 1594 861 1623 in
874 1594 1031 1624 Persidem
1043 1594 1135 1623 duee-

144 1635 210 1671 bat,
236 1636 359 1674 quidam
381 1636 508 1666 circuitu
528 1645 622 1673 rupes
649 1637 807 1673 saltusque
828 1636 974 1666 montium
997 1635 1134 1665 occultos

145 1677 289 1715 petivere,
305 1678 396 1715 pauci
413 1683 514 1708 castra
529 1678 627 1708 Darei.
