1215 1905
147 87 207 119 174
490 89 522 124 Q.
546 89 702 118 CURTll
722 89 831 119 RUFI

522 195 684 225 LIBER
723 196 797 225 VIII.

502 305 812 334 ARGUMENTUM.

144 364 162 388 I.
184 364 348 395 Massagetis,
370 362 462 391 Dahis,
489 362 623 394 Sogdianis
645 363 768 395 subactis,
787 363 891 395 Scythae
910 364 949 387 sui
967 365 1035 396 regis
1053 364 1129 389 filiam

178 398 324 422 Alexandro
335 398 466 429 coniugem
478 397 592 421 offerunt.
621 397 687 426 Rex,
699 397 771 422 leone
781 398 911 422 interfecto
922 402 945 422 et
956 402 1072 428 quattuor
1082 399 1127 423 mi-

178 432 244 456 libus
259 432 367 455 ferarum
380 433 404 455 in
414 431 545 455 venatione
556 431 670 459 deiectis,
682 431 773 455 Clitum
784 433 809 455 in
820 432 934 456 convivio
945 432 1048 456 liberius
1059 433 1127 457 locu-

177 471 230 490 tum
246 464 368 490 interficit.
406 466 435 489 Π.
457 465 518 489 Sera
530 465 669 489 Alexandri
681 467 847 497 poenitentia:
868 466 971 490 bellicae
982 467 1072 491 deinde
1083 475 1125 491 ex-

173 501 316 532 peditiones
327 500 447 524 adversus
458 500 603 523 Bactrianos
613 500 756 531 transfugas
768 504 791 524 et
806 500 980 532 Sysimithren.
1004 501 1123 532 Philippi,

177 534 345 558 strenuissimi
357 534 463 563 iuvenis,
477 539 501 557 et
511 534 614 565 Erigyii,
627 534 758 558 clarissimi
769 534 854 562 ducis,
866 534 957 558 obitus.
981 535 1022 558 Ill.
1043 535 1125 566 Spita—

179 569 256 592 menis
268 575 370 592 uxorem
389 568 512 592 interfecti
527 569 610 591 mariti
628 572 701 599 caput
716 568 860 592 afferentem
878 568 1020 592 Alexander
1037 570 1125 593 castris

175 603 297 627 excedere
310 603 392 626 iubet:
405 603 549 634 provincias
560 603 682 632 quasdam
698 609 711 626 a
722 602 903 633 praefectorum
914 610 1016 627 suorum
1027 603 1124 627 iniuriis

176 638 297 661 vindieat.
309 637 350 660 IV.
363 637 473 668 Frigoris
483 637 560 660 nimia
569 637 593 659 vi
603 643 683 667 paene
694 637 842 668 opprimitur
852 638 985 665 exercitus,
999 636 1124 661 Gabazam

175 672 299 695 aditurus.
327 670 464 694 Alexandri
481 671 620 694 constantia
636 674 659 693 et
675 678 735 702 erga
744 671 887 702 gregarium
898 671 1001 695 militem
1010 671 1123 695 humani-

175 710 226 729 tas:
247 705 359 729 eiusdem
370 723 376 731 ‚
389 704 495 736 Oxyarte
505 705 530 728 in
540 704 614 728 fidem
624 709 724 736 recepto
732 723 738 733 ‚
751 713 806 728 cum
819 705 921 729 Roxane
930 705 1121 730 matrimonium.

175 740 205 765 V.
228 739 426 770 Cogitationibus
444 740 468 762 in
478 738 570 762 bellum
582 739 693 762 Indicum
705 740 792 767 versis,
805 740 961 763 adulatorum
977 739 1073 768 fraude,
1085 741 1122 763 ni—

173 774 225 797 mia
239 774 359 804 superbia
378 773 456 796 clatus
475 772 619 796 Alexander
635 780 704 796 more
713 774 844 797 Persarum
859 774 1007 797 Macedonas
1021 781 1123 798 venera-

175 808 273 832 bundos
283 808 365 839 ipsum
375 807 483 831 salutare
494 808 586 838 poscit,
607 807 675 836 quod
692 808 762 838 gravi
780 809 889 831 oratioue
899 807 1061 831 Callisthenes
1073 809 1120 831 im-

175 842 271 874 probat.
309 842 350 865 VI.
372 841 408 865 Ex
419 841 554 872 ignominia
565 841 704 868 Hermolao,
716 842 792 865 nobili
802 849 889 872 puero,
901 841 968 865 illata
978 843 1086 866 nascitur
1097 842 1120 865 in

175 880 249 907 caput
258 875 395 900 Alexandri
405 875 557 899 coniuratio:
578 883 626 905 qua
642 876 737 899 detecta
753 883 807 899 cum
819 876 961 900 auctoribus
971 875 1073 899 scelerIs
1085 876 1122 899 in-

174 917 267 934 nocens
279 909 445 933 Callisthenes
458 909 481 932 in
493 908 593 933 vincula
603 909 742 933 coni'tcitur.
774 910 826 933 VII.
846 911 873 933 In
885 910 1022 934 Alexandri
1033 916 1121 941 super-

175 945 241 968 biam
257 949 280 968 et
296 943 467 968 crudelitatem
483 943 622 971 invehitur,
643 943 819 967 Callisthenem
839 944 950 967 defendit
967 943 1120 968 Hermolaus.

171 979 235 1002 V111.
256 978 387 1001 Hermolao
399 978 541 1001 Alexander
552 978 696 1008 respondet:
718 977 895 1007 Callisthenem
911 982 934 1001 et
944 977 1053 1008 reliquos
1063 985 1121 1002 con-

172 1013 267 1036 iuratos
277 1012 359 1036 necari
372 1012 447 1036 iubet.
476 1012 519 1035 IX.
540 1012 566 1035 In
575 1011 670 1036 Indiam
681 1016 764 1036 movet
774 1012 924 1036 Alexander.
945 1012 1051 1036 Disserit
1061 1011 1121 1035 Cur-

173 1047 222 1069 tius
234 1046 265 1070 de
280 1046 365 1070 Indiae
376 1047 434 1071 situ.
445 1045 591 1070 fluminibus
599 1063 606 1075 ,
617 1046 680 1069 coeli
691 1047 823 1077 temperie,
837 1046 986 1069 animalibus
996 1063 1002 1074 ,
1014 1046 1119 1075 divitiis,

171 1082 201 1104 de
211 1081 327 1104 Indorum
340 1080 440 1111 ingenio
450 1098 456 1108 ,
475 1087 563 1112 regum
576 1079 690 1109 luxuria,
706 1080 966 1112 gymnosophistarum
980 1080 1030 1104 vita
1041 1087 1070 1103 ac
1080 1087 1120 1103 sa-

171 1115 273 1146 pientia,
311 1114 342 1137 X.
364 1114 507 1138 Alexander
523 1114 608 1138 Indiae
623 1114 659 1137 cis
669 1114 757 1138 Indum
766 1115 868 1146 regulos
879 1114 1009 1139 nonnullos
1019 1114 1067 1138 sibi
1080 1122 1120 1138 oc-

172 1153 296 1173 currentes
311 1149 336 1172 in
353 1149 428 1172 fidem
443 1149 544 1180 recipit,
564 1148 645 1172 varias
659 1149 733 1173 urbes
745 1153 768 1173 et
783 1149 898 1180 regiones
910 1149 1063 1173 deditionem
1077 1148 1119 1172 de-

169 1187 301 1207 trectantes
312 1187 454 1214 expugnat,
468 1184 492 1206 in
503 1183 662 1215 Mazagarum
673 1183 805 1207 obsidione
815 1183 958 1207 vulneratus
969 1189 996 1206 se
1006 1189 1061 1206 esse
1073 1182 1118 1206 ho-

171 1218 264 1242 minem
283 1217 383 1241 fatetur.
421 1217 464 1241 XI.
484 1217 575 1241 Urbem
594 1217 687 1240 Noram
705 1221 728 1240 et
742 1222 837 1248 petram
855 1218 949 1241 Aornin
966 1217 997 1240 ab
1014 1216 1119 1240 Hercule

170 1251 262 1275 frustra
278 1251 336 1275 olim
352 1252 481 1275 obsessam
497 1254 553 1282 post
567 1251 659 1274 multos
670 1251 767 1275 labores
778 1252 878 1275 tandem
889 1252 913 1274 in
925 1251 1042 1275 ditionem
1054 1251 1119 1275 redi—

170 1286 214 1317 git.
235 1285 287 1309 XII.
301 1285 368 1309 India
377 1286 412 1309 cis
423 1285 510 1309 Indum
522 1285 624 1314 domita,
645 1285 732 1309 Indum
743 1286 832 1309 transit
841 1285 983 1309 Alexander
991 1284 1117 1316 Omphim-

167 1327 215 1350 que
225 1326 252 1343 se
262 1323 285 1343 et
295 1326 341 1343 sua
351 1320 489 1343 tradentem
503 1320 624 1343 restituit:
642 1323 727 1343 mutua
738 1319 803 1343 dona
812 1320 889 1351 regia.
915 1319 980 1342 XIII.
999 1319 1117 1343 Abisares

167 1361 195 1377 se
210 1353 287 1381 dedit,
321 1354 471 1377 Barzaemes
492 1358 515 1376 et
534 1353 657 1377 Samaxus
678 1354 754 1377 vincti
773 1354 798 1377 in
816 1354 955 1378 custodiam
976 1354 1115 1377 traduntur.

168 1387 305 1412 Alexandri
316 1392 396 1411 castra
406 1387 439 1411 ad
445 1388 580 1419 Hydaspen
591 1392 614 1412 et
625 1387 716 1411 bellum
728 1395 783 1411 eum
795 1388 870 1412 Poro:
883 1388 953 1411 cuius
962 1387 1041 1418 copiis
1049 1387 1119 1411 varia

168 1425 222 1446 arte
232 1422 358 1445 distractis
367 1423 448 1453 ripam
461 1421 592 1446 adversam
605 1426 710 1452 occupat
720 1422 871 1448 Alexander.
890 1421 954 1445 xlv.
968 1421 1083 1445 Indorum
1093 1425 1117 1444 et

171 1455 333 1479 Macedonum
345 1456 451 1488 insignis
462 1460 485 1479 et
495 1459 595 1480 omenta
609 1463 706 1487 pugna:
719 1456 775 1479 I'ori
787 1456 878 1487 captivi
891 1455 1083 1487 magnanimitas
1092 1457 1116 1478 et

168 1490 305 1514 Alexandri
315 1491 381 1522 regis
393 1490 532 1514 clementia.

581 1565 673 1594 CAP.
697 1565 718 1593 Ι.

216 1624 246 1658 (l
264 1627 305 1651 ed.
323 1626 442 1660 Zumpt.)
470 1625 659 1660 Aiexander,
684 1623 798 1653 maiore
816 1624 893 1652 sama
916 1630 1005 1658 quam
1020 1621 1140 1658 glorial

133 1665 322 1694 inditionem
347 1666 470 1695 redacta
491 1670 592 1702 petra,
616 1674 706 1702 quum
728 1669 852 1702 propter
872 1671 981 1700 vagum
995 1663 1114 1692 hostem

133 1707 325 1743 spargendae
341 1715 448 1736 manus
464 1712 576 1743 essent,
592 1706 621 1735 in
639 1711 699 1736 tres
711 1711 812 1743 partes
825 1704 927 1735 divisit
938 1703 1113 1734 exercitum.
