1215 1905
139 71 199 103 138
480 72 515 108 Q.
538 72 692 101 CURTll
714 73 821 102 RUFI

137 156 207 176 usus
218 149 268 182 sit,
292 155 349 176 non
365 147 523 184 ignoratis:
544 148 626 177 illum
641 148 705 177 dico
719 148 930 184 Heyemctmm,
954 150 1006 185 qui
1017 149 1048 178 in
1064 149 1128 179 acie

136 189 260 218 cecidit:
274 190 400 217 omnium
412 190 555 218 malorum
569 190 648 219 nobis
659 190 721 224 suit
732 198 833 219 causa.
869 190 946 219 Nam
958 199 1046 226 quum
1055 192 1166 227 pri-2³

138 238 215 259 mum
226 230 304 259 Iovis
310 231 404 266 filium
416 239 447 259 se
456 232 584 260 salutari
596 232 678 260 iussit
688 239 759 266 rex,
777 232 811 260 id
820 232 940 267 indique
948 231 1051 266 ferens
1065 233 1122 267 ille,

137 272 216 300 huuc
234 272 325 308 iyitur
342 280 440 308 reyem
459 274 657 308 aquosa-imus,
680 274 787 308 inquit,
812 274 864 309 qui
881 273 1051 309 Philippum
1069 273 1125 302 de-

138 313 279 349 ‹liquatur-
287 312 428 350 patrem?
451 318 547 343 aclum
566 318 608 343 est
621 315 658 343 de
671 315 766 349 nobis,
790 316 817 343 si
826 316 881 343 isla
891 315 1009 351 perpeti
1015 322 1126 350 possu-

138 363 210 383 mus.
233 355 297 384 Non
310 355 438 384 homiues
450 357 555 390 solum,
568 356 622 384 sed
630 357 716 384 etiam
730 356 799 385 deos
810 356 945 392 despicit,
962 357 1013 392 qui
1016 359 1125 392 postu·
1132 359 1166 388 24

137 398 180 425 lat
193 397 265 425 deus
281 397 372 426 credi.
416 397 572 426 Amisimus
593 397 814 432 Alexandrum,
842 399 991 426 amisimus
1010 405 1125 433 reyem:
1164 423 1166 425 .

137 438 293 467 incidimus
309 439 339 466 in
357 439 524 475 superbiam
553 447 606 468 nec
625 439 695 473 diis,
718 439 820 474 quibus
836 447 867 468 se
888 442 1037 475 exaequat
1043 462 1049 474 ,
1071 447 1125 468 nec
1167 454 1170 455 ν

138 479 313 514 hominibus,
328 481 432 516 quibus
444 489 475 509 se
487 481 602 514 eximit,
616 481 803 510 tolerabilem.
826 481 969 510 Nostrone
982 482 1126 516 sanquine
1132 484 1164 510 25

137 521 223 550 deum
241 521 381 556 fecimus,
404 523 456 558 qui
474 531 526 551 nos
543 521 703 557 fastidiat?
725 524 776 558 qui
794 525 936 558 yravetur
957 523 1124 551 mortalium

137 563 223 591 adire
240 562 417 592 concilium?
439 564 553 592 Credite
569 564 653 598 mihi,
667 568 695 592 et
707 572 772 598 izos,
792 565 819 592 si
831 565 889 593 viri
899 571 1011 598 sumus,
1034 572 1053 592 a
1068 564 1125 592 diis

135 605 352 640 adoptabimur.
378 605 446 639 Quis
455 613 596 641 proavum
609 606 695 634 huius
708 606 927 640 Alexandrum,
943 606 1007 641 quis
1019 605 1125 634 deinde
1131 608 1165 635 26

137 646 327 680 Archelaum,
354 647 418 682 quis
436 647 611 675 Perdiccam
630 649 738 676 occisos
758 648 835 676 uleus
853 645 916 676 est?
939 647 987 676 liic
1008 647 1124 682 quidem
1165 668 1167 670 -
1211 642 1215 668 ἕ

136 687 372 722 interfectoribus
383 690 483 724 patris
503 689 620 724 iynovit.
653 689 737 717 Haec
748 688 931 724 Heyelb‘chus
948 688 1025 717 dixit
1034 692 1163 724 super27

135 737 273 758 coenam:
297 733 325 757 et
337 734 453 765 postero
467 730 515 758 die
518 731 620 766 prima
636 731 700 759 luce
710 738 729 758 a
738 735 827 766 patre
838 738 983 759 accersor.
1023 729 1125 758 Tristis

136 774 202 799 erat
213 774 295 799 elme
308 774 447 800 maestum
463 772 584 800 videbat.
606 771 802 800 Audiet-amus
816 773 906 807 enim,
922 779 998 807 quae
1010 772 1122 800 solliei—

137 812 265 841 tudinem
282 813 452 841 inculerenl.
493 813 601 849 Itaque
619 816 651 841 ul
667 814 886 848 eaeperiremur,
906 817 1039 841 utrumne
1058 814 1164 842 vino28

132 858 277 889 qravatus
291 853 443 889 effudisset
451 855 518 889 illa,
539 862 578 883 an
591 855 695 883 altiore
705 857 844 890 concepta
856 855 990 889 consilio,
1009 855 1124 883 accerse¹

134 903 200 923 eum
209 897 331 931 placuit.
363 896 461 924 Venit:
477 896 632 932 eodemque
643 903 775 924 sermone
789 897 865 924 ultro
876 896 996 931 repetito
1008 895 1124 929 adiecit,

137 945 180 972 se,
195 938 253 965 sive
268 937 444 965 auderemus
455 937 544 966 duces
557 945 632 971 esse,
655 938 809 973 proximas
820 945 838 965 a
851 937 931 965 uobis
936 939 1042 972 partes
1054 938 1123 965 vin-

136 979 318 1012 dicaturum,
332 979 391 1007 sive
403 979 513 1007 deesset
526 980 649 1012 animus,
666 979 816 1007 consilium
831 979 943 1007 silentio
955 986 1017 1006 esse
1028 981 1121 1007 tectu-

136 1027 212 1048 rum.
234 1020 424 1048 Parmenioni
431 1043 436 1054 ,
451 1021 512 1049 vivo
525 1020 625 1048 adhuc
634 1019 746 1054 Dareo,
766 1020 964 1056 intempestiva
975 1027 1023 1048 res
1038 1019 1122 1048 vide—
1129 1021 1162 1048 29

136 1062 239 1090 batur:
266 1069 322 1090 non
334 1062 409 1090 enim
425 1062 493 1096 sibi,
514 1062 567 1090 sed
576 1062 650 1090 hosti
662 1069 723 1090 esse
738 1062 883 1090 occisuros
900 1060 1122 1090 Alexandrum:

141 1103 234 1132 Dareo
256 1111 322 1131 vero
345 1103 470 1135 sublato,
493 1104 658 1139 praeme'um
676 1104 754 1138 reqis
773 1103 862 1131 occisi
872 1102 971 1130 Asiam
990 1105 1018 1130 et
1035 1105 1121 1130 totum

135 1145 273 1173 orientem
288 1145 522 1179 interfectoribus
537 1153 598 1173 esse
609 1152 737 1173 cessura.
762 1144 986 1180 Approbatoque
1003 1144 1121 1172 consilio

136 1187 166 1214 in
181 1186 254 1214 haec
262 1186 338 1220 fides
349 1190 376 1215 et
389 1186 461 1214 dala
475 1190 518 1214 est
525 1191 553 1214 el
564 1190 694 1222 accepta.
731 1186 813 1219 Quod
823 1185 866 1214 ad
880 1185 1016 1213 Dimnum
1024 1185 1162 1221 perti—30

135 1231 191 1262 net,
204 1227 279 1255 nihil
289 1229 365 1256 scio.-
379 1231 407 1256 et
419 1228 493 1256 haec
504 1227 655 1262 confessus
669 1228 805 1263 intelligo,
821 1235 877 1256 uon
888 1227 1029 1262 prodesse
1042 1226 1121 1260 mihi,

129 1269 214 1304 quod
221 1270 356 1305 proximi
367 1270 486 1298 sceleris
498 1277 606 1305 expers
618 1276 690 1297 sum.
706 1267 760 1303 Illi,
776 1276 883 1297 rursus
898 1267 1054 1297 tormentis
1069 1267 1122 1296 ad·
1130 1269 1160 1295 31

137 1309 235 1343 motis,
253 1318 345 1345 quum
362 1309 422 1346 ipsi
439 1318 561 1346 quoque
574 1309 669 1339 hastis
683 1318 717 1339 os
734 1310 904 1345 oculosque
916 1308 982 1339 eius
996 1309 1121 1339 everbe-

138 1355 251 1385 rarent,
279 1359 478 1388 expressere,
502 1355 535 1380 ut
555 1352 613 1380 hoc
635 1359 758 1387 quoque
782 1350 893 1380 crimen
917 1350 1121 1380 confiteretur.

137 1392 335 1430 Exigentibus
358 1392 483 1427 deinde,
508 1397 541 1422 ut
557 1392 693 1422 ordinem
709 1392 829 1428 cogitati
847 1392 972 1421 sceleris
988 1393 1163 1428 expone-32

136 1438 190 1469 ret,
207 1443 299 1470 quum
312 1434 362 1463 diu
375 1434 484 1463 Bactra
498 1438 651 1463 retentura
666 1442 767 1470 regem
780 1433 969 1469 viderentur,
984 1433 1122 1463 timuisse
1158 1459 1160 1461 ,

139 1476 306 1512 respondit,
322 1484 360 1504 ne
376 1481 461 1512 pater
473 1475 549 1504 LXX
565 1480 654 1506 natus
669 1484 777 1510 annos,
793 1475 866 1505 tanti
882 1474 1035 1504 exercitus
1051 1475 1121 1509 dux,

136 1522 236 1546 tantae
264 1517 413 1553 pecuniae
438 1522 558 1551 custos,
586 1517 704 1546 interim
730 1517 971 1554 extingueretur,
999 1515 1122 1552 ipsique

137 1558 269 1594 spoliato
292 1559 382 1588 tantis
403 1558 519 1588 viribus
542 1558 703 1588 occidendi
725 1558 806 1595 regis
828 1566 921 1588 causa
942 1565 1003 1587 non
1029 1560 1121 1586 esset.

136 1599 312 1629 Festinasse
334 1608 407 1637 ergo
432 1608 480 1634 se,
504 1601 576 1629 dum
599 1600 766 1636 praemium
788 1600 817 1629 in
834 1599 972 1629 manibus
988 1598 1121 1633 haberet,
1130 1600 1162 1627 33

137 1645 367 1677 repraesentare
393 1641 569 1671 eonsilium:
596 1642 682 1671 culus
708 1646 824 1678 patrem
849 1645 1004 1678 expertein
1026 1639 1122 1669 fuisse

138 1682 195 1712 nisi
220 1683 394 1718 crederent,
423 1687 587 1719 tormenta,
616 1691 800 1721 quamquam
824 1682 882 1711 iam
906 1683 1034 1712 tolerare
1060 1689 1122 1710 non
