1215 1905
200 86 269 116 LIB.
284 85 363 116 VIII.
387 85 468 114 CAP.
484 86 518 121 11,
535 89 639 116 8—31.
660 95 728 122 mn,
747 96 804 117 6—9.
826 95 866 122 z.1
977 85 1035 116 181

47 160 153 196 amnis,
170 164 255 198 terga
270 165 356 198 petra
372 159 547 190 claudebat:
564 160 643 189 hanc
658 169 749 190 manu
765 161 902 198 perviam
917 160 1037 191 incolae

26 203 189 234 tfecerant.
212 202 274 231 Sed
290 201 389 232 aditus
405 208 519 238 specus
535 201 645 239 accipit
661 203 774 238 lucem,
797 202 955 239 interiora,
978 202 1037 233 nisi

45 244 127 274 illato
138 243 259 280 lumine,
276 243 408 273 obscura
420 247 500 273 sunt.
522 243 691 280 Perpetuus
704 244 864 274 cuniculus
877 245 933 274 iter
948 253 1035 281 prae-

21 287 96 317 ·zbet
110 285 139 315 in
163 293 306 322 campos,
328 284 480 322 ignotum,
504 285 563 314 nisi
584 285 747 322 indigenis.
791 288 831 316 At
851 287 1035 322 Alexander,

47 335 231 365 quamquam
252 327 409 363 angustias
430 327 558 356 naturali
581 326 639 356 situ
666 327 796 357 munitas
818 328 918 357 valida
946 336 1037 358 manu

45 369 165 399 barbari
180 369 346 404 tuebantur,
355 373 451 398 tamen
461 369 606 398 arietibus
613 369 744 399 admotis
754 370 946 405 munimenta,
957 378 1037 407 quae

46 419 136 440 manu
151 410 293 440 adiuncta
308 415 408 445 erant,
431 410 588 440 concussit
604 411 768 448 sund1sque
785 415 814 441 et
830 411 949 448 sagittis
965 420 1036 448 pro—

46 452 245 490 pugnantium
256 452 422 489 plerosque
438 452 562 482 deiecit:
581 461 659 488 quos
673 453 724 482 ubi
737 453 898 490 dispersos
912 454 1035 490 fugavit,

45 495 149 524 ruinas
174 494 427 524 munimentorum
453 502 676 531 supergressus
703 496 740 524 ad
764 499 880 531 petram
901 495 1037 525 admovit

21 536 220 568 aexercitum.
235 535 372 565 Ceterum
384 535 603 565 interveniebat
614 535 736 570 fluvius,
751 536 933 566 coeuntibus
945 536 1036 574 aquis

45 586 82 608 ex
100 578 261 615 superiore
277 577 398 614 fastigio
420 578 448 607 in
465 578 588 607 vallem:
613 578 775 615 magnique
792 578 895 615 operis
912 579 1036 608 videba-

20 624 105 656 Mur,
123 625 182 650 tam
197 624 314 650 vastam
329 619 506 656 voraginem
521 621 655 657 explere.
685 620 776 649 Caedi
794 625 891 649 tamen
908 621 1036 650 arbores

45 666 74 692 et
87 670 164 691 saxa
175 662 300 699 congeri
312 662 414 691 iussit:
427 662 598 698 ingensque
612 662 760 691 barbaros
774 670 878 698 pavor,
890 662 984 692 rudes
996 663 1036 691 ad

44 704 114 733 talia
122 712 226 740 opera,
241 708 450 738 concusserat,
463 703 623 733 excitatam
630 704 741 733 molem
754 704 854 733 subito
864 708 1036 734 cernentes.

21 750 36 776 5
126 745 172 781 (9)
185 746 291 782 ltaque
304 753 368 779 rex,
379 746 418 774 ad
432 745 618 775 deditionem
631 750 711 775 metu
725 754 819 782 posse
834 745 976 782 compelli
987 754 1036 775 ra-

45 791 101 822 tus,
119 787 250 816 Oxarten
262 787 352 822 misit,
365 787 497 816 nationis
511 787 658 823 eiusdem,
675 788 730 817 sed
744 787 868 817 ditionis
881 795 965 823 suae,
984 787 1037 824 qut

13 831 36 859 26
44 829 186 858 suaderet
207 828 292 864 duci,
316 832 347 857 ut
362 828 494 857 traderet
509 832 634 865 petram.
673 828 794 858 InterIm
809 830 848 858 ad
863 830 1036 865 augendam

45 870 233 900 formidinem
249 874 279 899 et
294 874 392 900 turres
412 870 654 900 admovebantur
676 875 704 900 et
725 878 858 900 excussa
878 871 1035 900 tormentis

44 912 102 941 tela
117 912 277 941 micabant.
300 912 405 948 ltaque
421 913 563 941 verticem
580 916 694 949 petrae,
711 913 791 942 omni
805 912 863 942 alio
879 912 1034 949 praesidio

13 957 33 984 :7
43 953 194 989 damnato,
210 953 391 990 petiverunt.
415 955 454 982 At
470 953 598 983 Oxartes
616 954 765 991 trepidum
782 954 1034 991 diffidentemque

45 995 136 1025 rebus
152 995 217 1025 suis
234 994 447 1033 Sysimithrem
460 995 560 1032 coepit
572 995 693 1031 hortari⁷
710 1000 743 1026 ut
758 996 849 1025 fidem
866 1005 958 1033 quam
975 996 1034 1025 vim

42 1035 242 1066 Macedonum
264 1037 365 1066 mallet
385 1036 516 1073 experiri
538 1045 597 1066 neu
619 1042 788 1067 moraretur
809 1037 1035 1067 festinationem

43 1078 167 1108 victoris
183 1077 335 1108 exercitus
352 1079 379 1107 in
393 1078 509 1108 Indiam
526 1079 691 1109 tendentis:
715 1079 763 1109 cui
780 1080 922 1117 qtiisquis
938 1084 1035 1109 semet

43 1119 179 1155 offerret,
206 1120 235 1149 in
258 1129 346 1149 suum
370 1125 463 1157 caput
483 1121 613 1150 alienam
634 1121 752 1151 cladem
777 1130 847 1151 esse
863 1130 1033 1151 versurum.

15 1164 35 1190 8
42 1161 77 1190 Et
88 1161 156 1198 ipse
169 1162 290 1198 quidem
304 1161 504 1200 Sysimitlires
517 1163 703 1192 deditionem
714 1164 882 1193 annuebat:
900 1168 1033 1193 ceterum

43 1208 137 1233 mater
157 1204 327 1241 eademque
349 1204 483 1233 coniunx
506 1204 682 1234 morituram
704 1214 738 1235 se
753 1210 822 1235 ante
839 1205 1032 1241 denuntians,

44 1253 133 1282 quam
149 1245 178 1274 in
194 1246 285 1275 ullius
302 1246 419 1275 veniret
434 1250 625 1283 potestatem,
642 1246 763 1277 barbari
776 1247 908 1277 animum
924 1248 963 1277 ad
978 1247 1031 1277 ho-

43 1286 177 1316 nestiora
193 1296 283 1324 quam
301 1288 410 1317 tutiora
426 1292 633 1324 converterat,
649 1289 862 1327 pudebatque,
885 1289 1033 1319 libertatis

18 1328 137 1358 amaius
153 1337 224 1359 esse
240 1330 322 1366 apud
339 1331 466 1359 feminas
483 1338 573 1367 quam
588 1331 671 1367 apud
686 1331 770 1360 viros
793 1332 932 1368 pretium.
976 1332 1032 1360 lta-

43 1378 101 1406 que
117 1369 244 1400 dimisso
260 1371 443 1401 internuntio
461 1372 561 1408 pacis,
582 1372 774 1402 obsidionem
792 1374 870 1403 ferre
886 1374 1032 1402 decreve-

40 1416 95 1441 rat.
118 1411 180 1442 Sed
196 1421 289 1449 quum
304 1413 402 1442 hostis
419 1413 499 1442 vires
516 1422 653 1450 suasque
668 1420 827 1451 pensaret,
844 1424 950 1444 rursus
968 1424 1031 1444 mu-

41 1453 145 1483 liebris
166 1454 302 1490 consilii,
331 1455 414 1492 quod
436 1463 587 1492 prae-ceps
602 1457 699 1492 magis
716 1465 806 1493 quam
823 1457 1032 1486 necessarium

16 1498 110 1525 oesse
126 1496 278 1532 credebat,
295 1496 453 1533 poenitere
468 1505 537 1526 eum
554 1497 670 1533 coepit:
687 1504 895 1535 revocatoque
909 1503 1033 1528 strenue

42 1535 153 1566 Oxarte
170 1538 302 1567 futurum
318 1546 352 1567 se
365 1537 394 1567 in
409 1538 491 1575 regis
504 1542 657 1575 potestate
668 1540 836 1577 respondit.
856 1549 946 1569 unum
964 1549 1031 1576 pre—

42 1582 142 1615 catus,
169 1587 207 1608 ne
228 1580 413 1609 voluntatem
435 1584 465 1610 et
486 1580 646 1610 consilium
669 1582 773 1611 matris
788 1590 863 1611 suae
878 1582 1029 1619 proderet,

21 1624 103 1657 lquo
120 1620 238 1650 facilius
261 1622 351 1651 venia
366 1622 406 1650 illi
423 1631 548 1659 quoque
563 1622 784 1658 impetraretur.
828 1623 1031 1653 Praemissum

41 1660 130 1698 igitur
145 1662 278 1694 Oxarten
296 1672 363 1693 cum
379 1669 474 1693 matre
489 1664 656 1700 liberisque
679 1670 708 1695 et
729 1665 821 1695 totius
838 1665 1030 1703 cognationis

41 1711 132 1741 grege
154 1705 356 1742 sequebatur,
386 1714 423 1734 ne
450 1711 611 1743 expectato
641 1707 762 1744 quidem
792 1707 861 1737 fidei
892 1707 1030 1745 pignore,
