1215 1905
118 138 180 168 260
463 138 497 173 Ω.
520 138 675 167 CURTII
696 138 805 167 RUFI

120 214 199 243 haec
214 213 362 248 animum,
386 212 541 249 octoginta
556 213 663 242 fratres
679 222 753 243 suos
769 214 878 243 eodem
893 213 942 244 die
957 215 995 244 ab
1010 214 1104 252 Ocho,

121 253 302 285 saevissimo
317 262 432 291 regum,
447 254 614 284 trucidatos
630 254 842 292 adiectumque
863 255 956 293 stragi
970 259 1013 286 tot
1026 256 1103 286 filio-

119 305 186 326 rum
201 299 333 333 patrem:
349 304 366 325 e
381 299 498 332 septem
513 296 631 332 fiberis,
648 305 727 333 quos
743 296 902 333 genuisset
911 296 995 334 ipsa,
1011 306 1104 327 unum

121 346 303 374 superesse:
329 337 431 374 ipsum
446 338 577 367 Dareum
592 337 736 367 floruisse
757 338 928 375 paulisper,
952 343 983 368 ut
998 339 1104 368 crude-

121 379 179 409 lius
195 383 302 416 posset
316 378 460 416 extingui.
503 379 552 408 Ad
567 378 702 409 ultimum
717 379 814 409 dolori
830 379 990 410 succubuit
1011 380 1147 410 obvo—24

122 422 246 458 lutoque
261 420 360 458 capite
375 420 549 450 accidentes
570 421 698 457 genibus
721 420 785 450 suis
807 425 928 458 neptem
950 425 1105 459 nepotem-

121 470 181 500 que
197 466 336 492 aversata
352 461 419 491 cibo
436 462 548 499 pariter
562 462 706 492 abstinuit
720 467 750 492 et
765 463 841 492 luce.
885 462 1003 499 Quinto,
1021 467 1104 500 post-

122 511 213 541 quam
228 503 304 533 mori
319 507 473 539 statuerat,
495 504 544 533 die
559 503 691 534 extincta
705 508 760 533 est.
803 504 945 541 Magnum
965 504 1104 541 profecto
1112 510 1146 535 25

121 546 296 575 Alexandro
311 544 515 581 indulgentiae
536 545 567 574 in
590 553 658 575 eam
679 545 872 582 iustitiaeque
887 546 917 575 in
934 553 1039 576 omnes
1055 554 1099 575 ca-

122 586 222 623 ptivos
237 587 451 616 documentum
466 591 513 616 est
525 595 607 616 mors
621 586 726 616 huius:
744 595 832 624 quae,
842 596 934 624 quum
944 586 1104 617 sustinuis-

121 632 167 657 set
182 632 254 665 post
267 629 397 658 Dareum
412 628 522 664 vivere,
534 629 709 658 Alexandro
722 636 793 658 esse
805 633 963 666 superstes
975 628 1103 658 erubuit.

192 669 259 705 (18)
270 669 306 698 Et
318 669 450 705 hercule,
463 669 542 699 iuste
553 669 781 700 aestimantibus
793 678 896 706 regem
908 670 1012 707 liquet,
1026 670 1107 699 bona
1113 674 1146 700 26

121 715 245 740 naturae
261 710 327 740 eius
344 711 448 747 fuisse,
465 711 536 741 vitia
552 712 599 740 vel
615 712 752 741 fortunae
767 712 816 740 vel
832 712 946 741 aetatis.
990 711 1046 741 Vis
1061 710 1105 740 in-
1112 715 1145 742 27

121 751 274 782 credibilis
289 752 388 787 animi,
406 752 518 782 laboris
533 752 677 790 patientia
691 753 914 790 propemodum
928 752 1027 787 nimia,
1044 752 1104 782 for-

120 793 216 824 titudo
231 802 291 823 non
308 793 384 823 inter
399 802 487 831 reges
499 795 590 824 modo
606 795 771 831 excellens,
787 795 842 824 sed
857 794 934 824 inter
948 794 1016 823 illos
1030 802 1104 830 quo·

121 843 190 873 que,
208 844 336 872 quorum
352 836 427 864 haec
443 837 509 865 sola
527 835 621 865 virtus
635 835 696 872 fuit,
709 836 873 865 liberalitas
886 844 979 872 saepe
991 835 1146 866 maiorass

119 876 287 913 tribuentis,
304 885 395 914 quam
409 886 427 906 a
443 877 500 906 diis
516 881 666 914 petuntur,
683 877 841 906 clementia
855 877 883 906 in
900 877 1048 913 devictos,
1064 880 1106 906 tot

121 926 214 954 regna
227 922 279 948 aut
292 918 426 954 reddita,
452 918 562 955 quibus
584 926 620 947 ea
636 918 809 955 dempserat
830 918 925 953 bello,
951 922 1003 947 aut
1023 918 1104 947 dono

121 960 198 994 data,
216 959 330 996 mortis,
346 959 432 989 cuius
448 963 545 989 metus
561 964 680 989 ceteros
696 959 856 993 exanimat,
873 963 1021 996 perpetua
1032 967 1105 988 con-
1113 963 1147 989 29

122 1000 254 1037 sompno,
270 1000 384 1037 gloriae
399 1001 560 1037 laudisque
575 1005 607 1030 ut
621 1000 700 1030 iusto
717 1000 812 1029 maior
828 1000 949 1037 cupido,
966 999 1007 1029 ita
1021 1004 1051 1030 et
1061 999 1104 1030 iu-

121 1041 189 1071 veni
205 1045 234 1071 et
248 1041 277 1070 in
294 1041 384 1071 tantis
400 1041 585 1072 admittenda
599 1042 705 1076 rebus,
722 1041 781 1071 iam
797 1041 895 1078 pietas
911 1049 983 1078 erga
998 1049 1105 1078 paren·
1113 1046 1147 1071 30
1177 1043 1181 1084 Α(

120 1088 176 1120 tes,
194 1092 323 1120 quorum
339 1083 519 1122 Olympiada
533 1083 747 1112 innnortalitati
763 1091 944 1112 consecrare
960 1083 1103 1112 decreve-
1178 1086 1179 1089 ’

120 1129 179 1159 rat,
209 1124 380 1162 Philippum
408 1125 489 1154 ultus
519 1130 596 1158 erat,
627 1125 686 1154 iam
711 1124 740 1153 in
767 1133 873 1154 omncs
900 1125 963 1154 sere
989 1123 1105 1153 amicos
1113 1129 1145 1154 31
1175 1131 1179 1160 J

120 1165 299 1202 benignitas,
316 1175 388 1204 erga
404 1166 512 1195 milites
528 1166 740 1202 benivolentia,
754 1165 912 1196 consilium
925 1174 980 1202 par
990 1165 1100 1202 magni>

120 1207 215 1237 tudini
241 1207 332 1237 animi
358 1212 403 1243 et,
429 1212 570 1244 quantam
593 1207 644 1236 vix
664 1211 783 1244 poterat
803 1212 887 1237 aetas
904 1207 969 1236 eius
985 1215 1104 1244 capere,

121 1248 269 1285 sollertia,
292 1250 401 1279 modus
416 1248 643 1279 immodicarum
659 1248 869 1286 cupiditatum,
885 1248 1016 1278 Veneris
1029 1248 1146 1278 intrass

119 1290 256 1320 naturale
272 1290 456 1320 desiderium
471 1300 547 1320 usus
563 1299 619 1320 nec
634 1291 703 1325 ulla,
718 1290 777 1320 nisi
792 1299 831 1320 ex
846 1289 1007 1327 permisso,
1019 1290 1103 1320 volu—

120 1336 189 1368 ptas
215 1331 353 1368 ingentes
379 1333 516 1369 prolecto
543 1332 632 1361 dotes
653 1336 745 1361 erant.
788 1332 842 1360 Illa
867 1332 1020 1361 fortunae:
1047 1330 1106 1360 diis
1113 1335 1146 1361 33

120 1380 254 1410 aequare
281 1382 314 1403 se
339 1378 369 1403 et
390 1374 540 1403 coelestes
561 1374 694 1403 honores
715 1381 875 1402 accersere
897 1377 926 1402 et
949 1372 1019 1403 talia
1034 1380 1090 1402 sua

121 1414 262 1444 dentibus
279 1414 409 1444 oraculis
426 1415 551 1444 credere
562 1419 591 1444 et
603 1414 837 1451 dedignantibus
849 1413 989 1444 venerari
1003 1414 1103 1451 ipsum

120 1455 338 1492 vehementius,
355 1465 445 1494 quam
460 1465 515 1493 par
529 1461 621 1492 esset,
637 1456 735 1492 irasci,
753 1456 783 1485 in
798 1460 955 1486 externum
970 1455 1103 1485 habitum

120 1502 235 1527 mutare
257 1498 397 1535 corporis
419 1499 545 1533 cultum,
570 1497 677 1527 imitari
692 1497 877 1527 devictarum
893 1496 1025 1534 gentium
1040 1505 1102 1526 mo-

119 1547 183 1572 res,
207 1547 286 1575 quos
308 1544 378 1569 ante
393 1539 548 1569 victoriam
565 1544 730 1576 spreverat.
774 1540 847 1569 Nam
869 1538 1055 1568 iracundiam
1076 1542 1145 1569 et34

120 1579 294 1616 cupidinem
308 1580 370 1610 vini
387 1580 475 1610 sicuti
490 1580 613 1610 iuventa
627 1581 809 1617 irritaverat,
830 1581 871 1611 ita
892 1584 1033 1611 senectus
1049 1578 1102 1608 mi-

119 1620 213 1657 tigare
229 1621 389 1658 potuisset.
429 1623 596 1652 Fatendum
619 1627 667 1652 est
687 1627 800 1658 tamen,
827 1631 919 1660 quum
944 1621 1104 1659 plurimum
1111 1626 1144 1652 35

119 1662 220 1692 virtuti
235 1663 390 1700 debuerit,
412 1665 482 1701 plus
498 1664 643 1694 debuisse
660 1665 811 1701 fortunae,
834 1672 923 1700 quam
938 1664 1023 1692 solus
1039 1671 1101 1692 om-

119 1704 202 1733 nium
228 1705 397 1734 mortalium
422 1705 451 1735 in
478 1711 628 1742 potestate
654 1705 765 1735 habuit.
809 1705 952 1741 Quotiens
977 1704 1059 1733 illum
1084 1713 1102 1733 a

119 1750 214 1775 morte
228 1746 406 1776 revocavit?
426 1747 567 1784 quotiens
584 1752 694 1777 temere
710 1747 737 1776 in
754 1746 887 1784 pericula
899 1750 1017 1775 vectum
1033 1754 1101 1783 per-
