1215 1905
161 99 232 128 LIB.
250 98 297 128 lx.
322 98 404 127 CAP.
421 98 469 133 111,
487 97 639 128 ἰ’-ΘΑΓ.
656 98 705 133 lv,
722 101 746 127 6.
763 107 811 134 nx,
827 108 907 129 12-14.
922 106 961 133 Ζ]
1017 95 1080 126 223

90 173 224 211 speciem
252 173 385 202 omnium
411 177 550 209 augeret,
585 172 753 209 posteritati
786 173 874 201 fallax
903 172 1076 202 miraculum

90 223 286 252 praeparans.

47 263 80 287 20
171 256 248 285 Hinc
264 260 421 293 repetens,
439 263 518 292 quae
533 263 675 284 emensus
692 259 770 289 erat,
787 256 825 284 ad
842 255 953 284 flumen
970 257 1077 284 Acesi-

90 306 158 327 nem
175 299 254 327 locat
269 302 378 327 castra.
423 297 465 326 lbi
489 298 564 326 forte
587 297 706 326 Coenus
729 297 836 326 morbo
852 297 1005 326 extinctus
1021 300 1078 325 est.

90 340 181 369 Cuius
197 344 292 369 morte
307 338 452 376 ingemuit
467 338 589 375 quidem
604 346 674 372 rex,
696 338 807 368 adiecit
823 343 936 374 tamen,
953 342 1079 375 propter

91 389 207 418 paucos
234 381 300 410 dies
322 382 442 416 longam
464 380 631 409 orationem
653 388 721 409 eum
748 387 908 415 exorsum,
935 385 1078 415 tanquam

47 424 173 453 ‘zisolus
195 422 405 451 Macedoniam
429 421 549 450 visurus
577 426 669 450 esset.
711 422 771 450 lam
798 422 827 450 in
853 430 934 458 aquo.
959 421 1079 456 classis,

90 474 178 500 quain
200 463 351 493 aedificari
367 463 512 498 iusserat,
529 463 636 492 stabat.
678 463 756 492 Inter
778 463 853 492 haec
875 463 1016 492 Memnon
1039 470 1078 491 ex

88 505 215 534 Thracia
229 505 258 534 in
275 506 518 542 supplementum
535 504 669 541 equitum
684 505 711 532 V
728 504 817 539 milia,
834 509 954 541 praeter
969 513 1024 534 eos
1039 504 1078 532 ab

88 547 220 584 Harpalo
244 547 377 583 peditum
400 551 517 583 septem
537 546 618 575 milia
639 546 809 574 adduxerat
830 554 974 582 armaque
996 546 1078 574 XXV

89 588 169 617 milia
186 596 259 618 auro
276 592 305 618 et
324 593 449 625 argento
471 589 587 617 coelata
608 589 786 623 pertulerat,
814 587 881 623 quis
909 586 1077 616 distributi?

46 634 190 661 22vetera
210 630 336 659 cremari
362 630 458 659 iussit„
501 630 582 658 Mille
609 629 737 665 navigiis
762 629 897 658 aditurus
925 628 1076 659 Oceanun‘

91 672 313 708 discordesque
330 676 359 701 et
375 676 477 701 vetera
500 671 570 700 odia
591 674 788 699 retractantes
810 671 918 699 Porum
940 674 969 699 et
989 669 1077 698 Taxi-

91 714 147 748 len,
163 713 266 742 Indiae
284 721 387 750 reges,
411 713 527 741 firmata
542 721 597 749 per
612 712 789 741 affinitatem
804 712 913 748 gratia,
935 710 1078 747 relinquit

90 755 119 783 in
136 755 201 784 suis
216 754 327 791 regnis,
344 762 461 783 summo
478 754 507 782 in
520 753 711 782 aedificanda
727 754 827 782 classe
843 753 1000 782 amborum
1015 757 1076 781 stu>-

45 801 80 827 23
88 796 138 825 dio
154 804 239 825 usus,
283 795 404 832 Oppida
420 804 543 832 quoque
559 796 618 824 duo
636 794 784 829 condidit,
807 803 935 831 quorum
951 795 1077 824 alterum

89 836 229 866 Nicaeam
245 837 419 873 appellavit,
437 837 562 865 alterum
578 836 793 872 Bucephalam,
808 836 888 873 equi,
902 844 992 873 quem
1005 835 1076 864 ami-

48 883 184 914 24serat‚
211 878 375 908 memoriae
397 886 433 907 ac
461 877 574 907 nomini
601 877 748 906 dedicans
773 878 888 906 urbem.
927 877 1078 914 Elephan-

90 920 127 950 tis
153 920 264 950 deinde
290 924 319 948 et
346 919 568 956 impedimentis
593 923 673 948 terra
699 918 787 955 sequi
810 918 914 955 iussis,
941 919 1078 947 secundo

89 969 178 990 amne
204 960 345 994 defluxit,
373 961 571 997 quadraginta
592 962 686 989 ferme
708 960 805 989 stadia
827 960 953 997 singulis
970 960 1078 989 diebus

91 1003 279 1040 procedens,
305 1007 337 1031 ut
363 1002 544 1038 opportunis
572 1002 648 1031 locis
675 1001 789 1038 exponi
816 1001 945 1031 subinde
971 1001 1079 1038 copiae

96 1049 220 1082 possent

484 1110 504 1138 C
511 1111 538 1138 A
545 1109 576 1138 P.
599 1110 650 1138 lv.

64 1176 77 1200 1
175 1169 242 1207 (14)
276 1170 456 1198 Perventum
479 1173 542 1198 erat
563 1168 592 1197 in
618 1168 790 1205 regionem,
816 1169 845 1197 in
873 1177 932 1205 qua
976 1187 1055 1207 ΑΜ

61 1212 254 1249 2Hydaspes
277 1211 374 1240 amnis
388 1210 515 1240 Acesini
537 1210 738 1240 committitur.
782 1210 859 1239 Hinc
880 1211 931 1240 de-
957 1218 975 1231 ¹-
992 1212 1040 1231 Chr·
1056 1218 1079 1231 ¹²·

92 1253 183 1282 currit
199 1253 226 1282 in
243 1253 320 1282 fines
336 1252 487 1282 Siborum.
527 1252 565 1281 Hi
581 1253 619 1281 de
643 1252 778 1281 exercitu
792 1252 931 1281 Herculis
970 1240 1068 1283 B'Zetssssssss.

91 1294 222 1324 majores
252 1302 327 1323 suos
356 1302 427 1324 esse
456 1298 639 1323 memorant:
669 1302 779 1330 aegros
808 1293 932 1323 relictos
952 1287 987 1308 ⁰¹·
1004 1288 1047 1311 ¹¹³¹
1059 1287 1078 1307 ³·

61 1341 78 1366 3
91 1344 176 1365 esse:
199 1335 322 1372 cepisse
338 1336 458 1371 sedem,
476 1343 566 1372 quam
580 1334 641 1372 ipsi
657 1335 840 1365 obtinebant.
883 1335 981 1365 Pelles
1004 1335 1080 1363 sera-

90 1386 157 1407 rum
173 1386 228 1415 pro
244 1382 344 1412 veste,
372 1378 477 1406 clavae
493 1378 552 1406 tela
567 1381 666 1407 erant:
693 1378 863 1414 multaque,
881 1377 970 1406 etiam
987 1383 1080 1412 quum

93 1419 201 1448 Graeci
216 1427 317 1448 mores
334 1418 558 1453 exolevissent‚
584 1418 687 1455 stirpis
715 1419 916 1448 ostendebant
942 1417 1080 1453 vestigia.

62 1466 79 1490 4
90 1460 177 1496 Hinc,
194 1460 380 1490 excensione
396 1461 483 1494 sacta,
506 1460 550 1488 CC
566 1465 595 1489 et
606 1460 632 1490 Ι.
648 1460 747 1489 stadia
761 1460 896 1489 excessit
911 1459 1079 1495 depopula-

63 1508 78 1532 5
93 1507 203 1538 tusque
218 1502 373 1538 regionem
391 1501 546 1538 oppidum,
570 1506 662 1538 caput
678 1501 752 1535 eius,
770 1509 884 1530 corona
899 1500 988 1537 cepit.
1030 1500 1080 1529 XL

91 1543 228 1581 peditum
253 1543 335 1572 milia
356 1551 432 1580 gens
454 1543 483 1571 in
498 1543 564 1579 ripa
580 1543 737 1572 fluminum
759 1547 963 1580 opposuerat:
991 1549 1079 1578 quae,

91 1593 181 1614 amne
196 1589 351 1622 superato,
378 1584 406 1613 in
424 1585 524 1621 fugam
541 1584 685 1620 compulit
706 1584 905 1621 inclusosque
920 1583 1079 1613 moenibus

93 1631 257 1664 expugnat.
316 1626 449 1655 Puberes
478 1626 627 1655 interfecti
662 1631 748 1657 sunt.
784 1626 876 1655 ceteri
909 1626 1079 1655 venierunt.

64 1669 224 1698 fiAlteram
251 1668 361 1697 deinde
387 1668 492 1697 urbem
515 1676 693 1704 expugnare
713 1668 838 1697 adortus
862 1675 1034 1705 magnaque
1050 1666 1079 1695 vi

93 1709 318 1739 defendentium
345 1710 454 1746 pulsus
487 1710 596 1738 multos
627 1709 826 1739 Macedonum
856 1708 963 1739 amisit.
1018 1707 1079 1737 Sed
