1215 1905
283 80 354 110 LlB.
369 81 405 110 X.
427 80 509 109 CAP.
524 82 546 113 1,
566 81 664 109 1—19.
689 83 728 117 μ,
746 86 802 109 ι-ε,
822 86 864 112 2.]
1027 75 1089 105 245

71 159 89 190 Ἰ
101 155 190 187 sitam
205 155 349 193 cuiquam
364 163 434 185 esse
451 155 631 185 diuturnam.
673 152 748 187 Rex,
766 151 887 189 cognita
903 158 1006 187 causa,
1023 159 1088 188 pro-

101 197 263 233 nuntIavit,
284 198 322 226 ab
344 196 574 227 accusatoribus
590 203 683 225 unum
699 198 729 223 et
743 193 774 223 id
791 192 954 223 maximum
978 192 1091 222 crimen

101 247 172 268 esse
193 239 403 276 praeteritum,
430 236 674 275 desperationem
696 235 804 264 salutis
820 242 910 264 suae:
937 242 1092 270 nunquam

103 280 182 309 enim
204 280 274 310 talia
295 288 440 315 ausuros,
463 279 514 317 qui
536 280 636 315 ipsum
651 286 689 308 ex
705 276 789 306 India
805 276 953 313 sospitem
973 280 1024 306 aut
1039 284 1093 313 op-

73 325 90 352 8
103 326 219 351 tassent
240 322 350 352 reverti
376 326 428 351 aut
449 320 653 351 credidissent
674 326 878 348 reversurum.
921 317 1014 354 Igitur
1035 318 1092 348 hos

103 364 225 400 quidem
239 363 342 398 vinxit,
358 362 406 393 DC
421 367 522 392 autem
537 361 671 396 militum,
689 360 741 397 qui
757 360 903 389 saevitiae
919 367 1024 389 eorum
1040 358 1093 388 mi-

74 405 188 434 9nistri
211 406 344 439 fuerant,
370 404 497 434 interfici
518 403 615 433 iussit.
655 402 772 432 Eodem
794 402 844 431 die
867 406 1020 438 sumptum
1047 405 1095 430 est

104 446 288 483 supplicium
305 446 343 476 de
358 446 395 475 iis
412 453 550 483 quoque,
573 453 652 482 quos
668 448 811 474 auctores
828 443 1009 472 defectionis
1024 443 1094 472 Per-

104 496 206 517 sarum
222 487 361 518 Craterus
378 487 557 517 adduxerat.

64 533 96 559 10
185 529 232 565 (2)
253 529 342 559 Haud
357 530 449 558 multo
472 533 542 565 post
555 527 710 557 Nearchus
732 531 762 556 et
784 526 987 560 Onesicritus,
1015 534 1094 563 quos

103 570 223 608 longius
253 570 283 600 in
313 570 467 600 Oceanum
493 570 662 607 procedere
688 568 834 604 iusserat,
864 568 1094 604 superveniunt.

62 616 93 642 11
101 612 282 642 Nuntiabant
296 616 397 642 autem
413 612 562 649 quaedam
577 610 688 645 audita,
705 609 764 639 alia
776 614 948 646 comperta:
964 608 1095 639 insulam

104 654 182 683 ostio
199 653 296 683 amnis
313 653 481 683 subiectam
502 661 576 682 auro
599 652 772 687 abundare,
798 651 923 688 inopem
945 659 1095 687 equorum

103 703 188 724 esse:
215 694 354 732 singulos
370 702 424 724 eos
441 697 652 731 compererant
671 693 709 722 ab
724 692 776 728 iis,
806 692 858 729 qui
874 700 912 722 ex
929 691 1095 722 continenti

60 740 94 765 12
101 736 240 765 traiicere
254 736 411 770 auderent,
429 735 556 772 singulis
572 735 692 765 talentis
708 734 776 764 emi.
818 734 944 763 Plenum
959 742 1030 764 esse
1042 734 1094 763 be-

102 779 219 806 luarum
234 785 332 806 mare:
355 781 442 806 aestu
459 777 595 806 secundo
613 784 666 806 eas
683 776 763 811 ferri,
779 783 957 812 magnarum
972 775 1095 805 navium

102 826 234 854 corpora
248 822 433 854 aequantes:
460 818 536 847 truci
559 822 647 847 cantu
670 817 829 846 deterritas
851 817 941 853 sequi
963 818 1095 846 classem

102 866 170 888 cum
185 866 296 895 magno
312 858 457 895 aequoris
473 859 609 895 strepitu,
626 859 708 888 velut
724 859 865 887 demersa
880 858 1009 895 navigia,
1024 858 1094 887 sub-

61 899 164 930 13isse
179 908 286 936 aquas.
311 899 417 929 Cetera
431 899 540 929 incolis
556 900 756 935 crediderant,
772 899 850 929 inter
866 907 954 936 quae,
970 900 1095 929 rubrum

101 949 184 970 mare
200 949 260 970 non
277 949 295 970 a
311 942 414 970 colore
430 942 594 977 undarum,
620 946 652 971 ut
673 940 813 978 plerique
835 941 1011 977 crederent,
1038 941 1095 971 sed

60 982 138 1012 nab
153 981 284 1021 Erythro
309 990 381 1018 rege
402 983 563 1019 appellari:
590 991 660 1012 esse
676 982 759 1012 haud
774 982 880 1018 procul
895 990 914 1011 a
929 982 1095 1012 continenti

102 1024 232 1053 insulam
248 1023 358 1060 palmis
371 1024 581 1060 frequentibus
595 1024 743 1053 consitam
759 1028 788 1052 et
803 1023 832 1052 in
848 1022 949 1053 medio
966 1024 1029 1053 sere
1041 1032 1094 1053 ne-

102 1074 187 1095 more
203 1067 376 1095 oolumnam
392 1065 541 1101 eminere,
555 1064 676 1104 Erythri
691 1064 773 1102 regis
789 1069 1032 1100 monumentum,
1049 1065 1094 1095 lit-

60 1111 93 1137 15
102 1107 175 1137 teris
190 1108 290 1144 gentis
307 1107 373 1136 eius
389 1107 543 1144 scriptam.
586 1106 794 1142 Adiiciebant,
811 1105 948 1142 navigia,
965 1115 1045 1144 quae
1060 1107 1094 1135 li-

102 1156 159 1178 xas
173 1153 423 1185 mercatoresque
438 1150 612 1185 rexissent,
640 1149 748 1178 samam
770 1148 835 1177 auri
854 1148 969 1177 secutis
984 1148 1093 1184 guber—

102 1191 274 1226 natoribus,
301 1191 331 1220 in
354 1191 485 1220 insulam
507 1199 577 1220 esse
598 1190 778 1220 transmissa
792 1198 848 1219 nec
864 1189 976 1219 deinde
992 1190 1030 1219 ab
1046 1189 1093 1220 his

60 1236 93 1262 16
101 1236 210 1269 postea
232 1233 308 1262 visa.
352 1234 419 1262 Rex
439 1232 646 1270 cognoscendi
670 1233 756 1269 plura
777 1231 919 1268 cupidine
941 1240 1093 1262 accensus

101 1282 208 1303 rursus
224 1282 279 1304 eos
296 1279 405 1304 terram
420 1276 522 1312 legere
543 1274 640 1310 iubet,
669 1275 768 1304 donee
783 1275 821 1303 ad
836 1273 998 1310 Euphratis
1015 1273 1094 1303 ostia

101 1316 290 1352 appellerent
314 1317 459 1346 classem:
488 1317 558 1346 inde
580 1317 712 1346 adverso
734 1324 822 1346 amne
836 1315 994 1352 Babylona
1010 1316 1092 1345 subi-

102 1362 196 1387 turos.

59 1403 90 1430 17
177 1400 222 1435 (3)
244 1400 312 1437 lpse
329 1399 429 1430 animo
446 1399 562 1429 infinita
578 1401 756 1437 complexus
772 1405 932 1436 statuerat,
956 1399 1037 1429 omni
1053 1400 1094 1429 ad

101 1440 247 1471 orientem
270 1441 418 1471 maritima
442 1442 567 1478 regione
595 1441 778 1479 perdomita,
804 1451 844 1472 ex
870 1442 960 1480 Syria
988 1446 1093 1478 petere

99 1482 247 1518 Africam,
267 1483 438 1520 Carthagini
453 1483 608 1519 infensus,
635 1483 720 1518 inde,
748 1483 906 1513 Numidiae
922 1483 1092 1513 solitudini-

98 1524 156 1553 bus
178 1525 362 1561 peragratis,
381 1533 503 1554 cursum
520 1525 611 1554 Gadis
628 1524 768 1561 dirigere,
783 1542 820 1546 —-
836 1524 876 1553 ibi
893 1533 1024 1562 namque
1040 1533 1090 1554 co-

59 1566 215 1595 lsslumnas
224 1566 363 1596 Herculis
379 1575 450 1596 esse
463 1567 542 1595 sama
552 1567 737 1603 vulgaverat,
746 1584 785 1588 -—
793 1566 957 1602 Hispanias
969 1566 1089 1602 deinde,

99 1615 176 1644 quas
195 1608 323 1637 Iberiam
347 1608 455 1638 Graeci
476 1617 493 1637 a
514 1607 638 1637 flumine
659 1608 744 1637 Ibero
766 1608 932 1643 vocabant,
954 1608 1038 1638 adire
1061 1612 1090 1638 et

97 1649 289 1685 praetervehi
306 1651 401 1686 Alpes
418 1649 583 1686 Italiaeque
601 1657 694 1685 oram,
709 1649 790 1678 unde
806 1649 835 1678 in
848 1649 972 1686 Epirum
985 1649 1088 1679 brevis

56 1693 204 1720 19eursus
226 1695 282 1720 est.
326 1690 418 1727 Igitur
438 1689 680 1727 Mesopotamiae
703 1691 894 1727 praetoribus
916 1690 1086 1728 imperavit,
