1215 1895
281 92 353 122 L113.
368 92 406 121 V.
430 90 511 120 ΟΑΡ.
527 89 549 126 1,
564 92 685 120 28-45.
706 98 745 126 [v.
763 98 822 120 4—6.
842 97 883 124 z.1
1060 83 1102 117 81

106 177 168 208 que
188 177 256 198 cum
279 166 453 204 hospitibus
471 170 578 202 stupro
603 164 701 199 coit-c,
729 164 819 193 modo
845 162 977 200 pretium
992 161 1101 199 flagitii

107 213 204 247 detur,
221 213 364 247 parentes
380 207 538 244 maritique
555 207 718 243 patiuntur.
753 205 935 235 Convivales
958 203 1022 233 ludi
1036 207 1101 233 tota

105 252 232 283 Perside
247 251 371 288 regibus
388 248 625 287 purpuratisque
642 247 727 278 cordi
749 252 835 276 sunt:
859 245 1023 285 Babylonii
1038 254 1099 274 ma-

106 296 187 324 xime
204 295 232 323 in
251 294 353 323 vinum
369 297 398 321 et
422 299 501 329 quae
517 290 693 320 ebrietatem
709 293 881 326 sequuntur
911 287 1003 318 effusi
1018 291 1098 317 sunt.

64 336 298 369 38Fe1ninarum
312 333 454 364 convivia
472 332 637 362 ineuntium
659 331 688 360 in
711 331 861 368 principio
878 331 1037 360 modestus
1053 334 1101 358 est

107 379 243 408 habitus:
266 376 336 407 dein
358 383 476 405 summa
498 382 640 412 quaeque
662 373 792 403 amicula
807 376 925 403 exuunt
941 371 1098 409 paulatim-

108 429 167 458 que
175 420 324 458 pudorem
333 419 510 455 profanant:
521 417 561 445 ad
570 416 704 445 ultimum
713 416 826 450 (honos
840 414 965 444 auribus
978 414 1099 443 habitus

109 462 160 498 sit)
182 462 241 491 ima
257 467 420 497 corporum
437 459 606 488 velamenta
622 457 795 494 proliciunt.
829 457 891 486 Nec
907 456 1099 486 meretricum

108 505 166 534 hoc
179 503 315 533 dedecus
328 506 383 537 est,
400 501 456 530 sed
468 505 673 530 matronarum
686 499 910 535 virginumque,
924 499 1007 534 apud
1020 506 1098 534 quas

64 551 99 578 39
107 545 234 576 comitas
249 544 376 574 habetur
390 542 503 580 vulgati
516 541 655 579 corporis
670 541 778 570 vilitas.
802 541 882 570 Inter
895 540 971 569 haec
984 538 1099 576 flagitia

107 587 260 617 exercitus
276 586 326 615 ille
342 585 472 615 domitor
486 584 578 613 Asiae
596 591 650 620 per
664 583 787 612 XXXIV
804 582 870 612 dies
887 582 1044 618 saginatus
1060 581 1101 610 ad

107 637 153 665 ea,
170 636 248 666 quae
264 628 486 664 sequebantur,
510 625 686 655 discrimina
703 625 784 654 haud
800 623 892 654 dubie
908 623 1038 652 debilior
1053 623 1098 651 fu-

107 676 192 700 turus
208 670 270 704 mit,
288 669 314 698 si
330 670 448 699 hostem
464 667 631 697 habuisset.

189 711 342 746 Ceterum,
359 718 419 747 quo
437 710 536 739 minus
553 710 696 738 damnum
712 707 850 743 sentiret,
875 707 1039 737 identidem
1055 706 1099 735 in-

66 758 258 786 §ocremento
275 752 488 781 renovabatur.
531 752 668 787 Namque
690 752 840 788 Amyntas
856 749 1046 779 Andromeni
1061 749 1100 777 ab

106 794 266 832 Antipatro
278 794 479 823 Macedonum
495 793 633 829 peditum
649 800 706 822 sex
720 792 802 821 milia
817 791 953 827 adduxit,
970 791 994 820 D
1011 799 1098 828 prae-

65 843 95 867 41
107 842 189 868 terea
203 835 342 866 eiusdem
357 835 479 872 generis
495 835 632 871 equites:
656 842 724 863 cum
746 833 793 862 his
810 833 858 862 DC
874 833 1022 867 Thracas,
1045 833 1098 861 ad-

106 878 216 909 iunctis
233 877 387 915 peditibus
404 885 478 906 suae
494 876 593 913 gentls
610 876 648 904 IIl
665 875 786 905 milibus
803 874 992 912 quingentis:
1016 878 1045 904 et
1060 882 1100 903 ex

105 920 319 957 Peloponneso
335 918 543 948 mercenarius
559 918 645 946 miles
658 918 697 946 ad
706 919 747 946 lv
756 917 837 946 milia
849 918 1017 946 advenerat
1029 924 1099 945 cum

65 966 99 992 42
110 962 284 992 CCCLXXX
299 960 461 998 equitibus.
498 960 581 989 Idem
598 961 747 997 Amyntas
764 959 935 988 adduxerat
948 959 971 987 L
988 958 1098 995 princi-

108 1012 180 1041 pum
208 1003 408 1032 Macedoniae
434 1002 547 1031 liberos
576 1001 698 1031 adultos
724 1001 765 1030 ad
792 1000 963 1030 custodiam
989 1008 1098 1037 corpo-

107 1045 165 1075 ris:
193 1045 307 1082 quippe
323 1045 400 1074 inter
421 1045 529 1081 epulas
544 1043 574 1072 hi
588 1048 659 1073 sunt
678 1043 761 1080 regis
778 1042 920 1077 ministri,
945 1042 1099 1078 iidemque

109 1095 206 1124 equos
227 1086 401 1116 ineuntibus
423 1085 573 1122 proelium
594 1086 758 1114 admovent
780 1087 991 1121 venantesque
1006 1083 1099 1113 comi-

108 1133 208 1159 tantur
224 1132 253 1158 et
268 1127 438 1165 vigiliarum
453 1127 538 1156 vices
554 1132 623 1156 ante
640 1127 770 1156 cubiculi
787 1127 868 1156 sores
881 1130 1020 1155 servant:
1036 1134 1099 1154 ma-

107 1178 299 1207 gnorumque
315 1170 540 1207 praefectorum
556 1174 585 1198 et
601 1170 713 1198 ducum
734 1169 810 1198 haec
827 1169 1014 1198 incrementa
1028 1172 1100 1197 sunt

109 1218 138 1242 ct
152 1213 333 1242 rudimenta.

68 1259 99 1285 43
185 1254 278 1291 Igitur
289 1261 352 1287 rex,
369 1252 433 1282 arci
446 1252 636 1290 Babyloniae
644 1251 801 1289 Agathone
817 1251 996 1288 praesidere
1011 1250 1098 1281 iusso

108 1304 175 1326 cum
201 1295 274 1325 DCC
294 1295 495 1324 Macedonum
520 1294 728 1330 trecentisque
754 1293 896 1323 mercede
925 1293 1096 1327 conductis,

109 1341 283 1374 praetores,
306 1337 357 1374 qui
379 1336 497 1374 regioni
512 1335 702 1374 Babyloniae
717 1343 753 1364 ac
769 1335 892 1365 Ciliciae
907 1338 1099 1372 praeessent,

106 1379 256 1409 Menetem
277 1382 307 1408 et
326 1379 547 1415 Apollodorum
568 1377 720 1414 relinquit.
762 1378 828 1407 Duo
852 1376 933 1406 milia
952 1377 1000 1406 his
1022 1376 1099 1405 mili-

107 1425 168 1450 tum
190 1429 258 1451 cum
279 1420 359 1449 mille
381 1420 501 1450 talentis
524 1420 609 1449 data:
636 1420 757 1456 utrique
778 1423 991 1456 praeceptum,
1018 1423 1051 1448 ut
1068 1417 1099 1447 in

66 1463 353 1500 sssupptementum
369 1461 478 1491 milites
491 1463 636 1498 legerent.
672 1461 831 1490 Mazaeum
846 1461 1034 1497 transfugam
1050 1468 1099 1489 sa-

108 1510 213 1541 trapea
227 1503 417 1541 Babyloniae
433 1503 542 1537 donat,
558 1503 795 1540 Bagophfinffln,
818 1502 870 1539 qui
890 1510 992 1532 arcem
1007 1501 1092 1531 tradi·

107 1547 200 1580 derat,
215 1554 248 1575 se
257 1545 346 1582 sequi
359 1545 463 1575 iussit:
477 1545 621 1574 Armenia
628 1544 776 1579 Mithreni,
791 1543 932 1573 Sardium
940 1543 1099 1581 proditori,

66 1588 179 1626 45duta
201 1591 257 1617 est.
305 1587 353 1616 Ex
381 1586 514 1624 pecunia
543 1586 654 1616 deinde
679 1585 870 1624 Babyloniae
898 1586 1008 1615 tradita
1035 1585 1098 1614 Ma-

110 1629 256 1659 cedonum
286 1628 440 1666 equitibus
473 1628 599 1658 sexceni
631 1627 748 1658 denarii
774 1627 890 1657 tributi:
917 1626 1099 1665 peregrinus

109 1679 205 1718 eques
217 1670 387 1708 quingenos
400 1670 529 1707 accepit,
542 1671 680 1700 ducenos
692 1670 801 1707 pedes,
812 1670 901 1700 trium
914 1669 1101 1707 stipendium

111 1720 269 1742 mensium.

155 1762 236 1782 conr.
252 1763 315 1783 nur.
874 1749 895 1778 6
