<?xml version="1.0" encoding="UTF-8"?>
<!DOCTYPE html PUBLIC "-//W3C//DTD XHTML 1.0 Transitional//EN"
    "http://www.w3.org/TR/xhtml1/DTD/xhtml1-transitional.dtd">
<html xmlns="http://www.w3.org/1999/xhtml" xml:lang="en" lang="en">
 <head>
  <title>
</title>
<meta http-equiv="Content-Type" content="text/html;charset=utf-8" />
  <meta name='ocr-system' content='tesseract 3.04.00' />
  <meta name='ocr-capabilities' content='ocr_page ocr_carea ocr_par ocr_line ocrx_word'/>
</head>
<body>
  <div class='ocr_page' id='page_1' title='image "./degestisalexand00curtuoft_0060.png"; bbox 0 0 1215 1895; ppageno 0'>
   <div class='ocr_carea' id='block_1_1' title="bbox 98 81 785 118">
    <p class='ocr_par' dir='ltr' id='par_1_1' title="bbox 98 81 785 118">
     <span class='ocr_line' id='line_1_1' title="bbox 98 81 785 118; baseline -0.003 -6"><span class='ocrx_word' id='word_1_1' title='bbox 98 81 141 112; x_wconf 79' lang='lat'>32</span> <span class='ocrx_word' id='word_1_2' title='bbox 445 82 478 118; x_wconf 83' lang='lat' dir='ltr'>o.</span> <span class='ocrx_word' id='word_1_3' title='bbox 501 81 656 111; x_wconf 81' lang='lat' dir='ltr'>CURTII</span> <span class='ocrx_word' id='word_1_4' title='bbox 677 81 785 111; x_wconf 64' lang='lat' dir='ltr'>Ruri</span> 
     </span>
    </p>
   </div>
   <div class='ocr_carea' id='block_1_2' title="bbox 96 156 1128 1470">
    <p class='ocr_par' dir='ltr' id='par_1_2' title="bbox 98 156 1127 400">
     <span class='ocr_line' id='line_1_2' title="bbox 98 156 1084 193; baseline 0 -7"><span class='ocrx_word' id='word_1_5' title='bbox 98 157 238 187; x_wconf 84' lang='lat' dir='ltr'>incautos</span> <span class='ocrx_word' id='word_1_6' title='bbox 254 161 410 186; x_wconf 76' lang='lat' dir='ltr'>ostentans</span> <span class='ocrx_word' id='word_1_7' title='bbox 426 156 571 193; x_wconf 80' lang='lat' dir='ltr'>perpulit,</span> <span class='ocrx_word' id='word_1_8' title='bbox 593 165 632 186; x_wconf 91' lang='lat' dir='ltr'>ne</span> <span class='ocrx_word' id='word_1_9' title='bbox 652 157 823 187; x_wconf 79' lang='lat' dir='ltr'>dubitarent</span> <span class='ocrx_word' id='word_1_10' title='bbox 844 166 882 187; x_wconf 88' lang='lat' dir='ltr'>ex</span> <span class='ocrx_word' id='word_1_11' title='bbox 895 159 971 188; x_wconf 88' lang='lat' dir='ltr'>urbe</span> <span class='ocrx_word' id='word_1_12' title='bbox 986 165 1084 187; x_wconf 89' lang='lat' dir='ltr'>erum-</span> 
     </span>
     <span class='ocr_line' id='line_1_3' title="bbox 99 197 1127 235; baseline 0.001 -7"><span class='ocrx_word' id='word_1_13' title='bbox 99 207 173 235; x_wconf 87' lang='lat' dir='ltr'>pere</span> <span class='ocrx_word' id='word_1_14' title='bbox 188 203 218 228; x_wconf 89' lang='lat' dir='ltr'>et</span> <span class='ocrx_word' id='word_1_15' title='bbox 231 207 282 227; x_wconf 85' lang='lat' dir='ltr'>res</span> <span class='ocrx_word' id='word_1_16' title='bbox 298 197 428 227; x_wconf 88' lang='lat' dir='ltr'>amissas</span> <span class='ocrx_word' id='word_1_17' title='bbox 443 206 634 234; x_wconf 85' lang='lat' dir='ltr'>recuperare.</span> <span class='ocrx_word' id='word_1_18' title='bbox 666 199 701 228; x_wconf 93' lang='lat' dir='ltr'>Id</span> <span class='ocrx_word' id='word_1_19' title='bbox 716 198 877 228; x_wconf 89' lang='lat' dir='ltr'>consilium</span> <span class='ocrx_word' id='word_1_20' title='bbox 893 208 953 229; x_wconf 91' lang='lat' dir='ltr'>non</span> <span class='ocrx_word' id='word_1_21' title='bbox 967 198 1127 229; x_wconf 78' lang='lat' dir='ltr'>ratione33</span> 
     </span>
     <span class='ocr_line' id='line_1_4' title="bbox 99 239 1083 277; baseline 0.001 -9"><span class='ocrx_word' id='word_1_22' title='bbox 99 239 280 277; x_wconf 87' lang='lat' dir='ltr'>prudentius</span> <span class='ocrx_word' id='word_1_23' title='bbox 323 248 412 276; x_wconf 88' lang='lat' dir='ltr'>quam</span> <span class='ocrx_word' id='word_1_24' title='bbox 435 244 547 269; x_wconf 90' lang='lat' dir='ltr'>eventu</span> <span class='ocrx_word' id='word_1_25' title='bbox 567 240 686 269; x_wconf 86' lang='lat' dir='ltr'>felicius</span> <span class='ocrx_word' id='word_1_26' title='bbox 713 240 783 270; x_wconf 84' lang='lat' dir='ltr'>fuit:</span> <span class='ocrx_word' id='word_1_27' title='bbox 809 240 847 269; x_wconf 93' lang='lat' dir='ltr'>ad</span> <span class='ocrx_word' id='word_1_28' title='bbox 870 249 962 270; x_wconf 91' lang='lat' dir='ltr'>unum</span> <span class='ocrx_word' id='word_1_29' title='bbox 978 248 1083 270; x_wconf 89' lang='lat' dir='ltr'>omnes</span> 
     </span>
     <span class='ocr_line' id='line_1_5' title="bbox 99 281 1084 319; baseline 0.001 -9"><span class='ocrx_word' id='word_1_30' title='bbox 99 289 168 310; x_wconf 92' lang='lat' dir='ltr'>cum</span> <span class='ocrx_word' id='word_1_31' title='bbox 183 281 252 318; x_wconf 91' lang='lat' dir='ltr'>ipso</span> <span class='ocrx_word' id='word_1_32' title='bbox 270 282 346 310; x_wconf 86' lang='lat' dir='ltr'>duce</span> <span class='ocrx_word' id='word_1_33' title='bbox 363 281 457 310; x_wconf 86' lang='lat' dir='ltr'>occisi</span> <span class='ocrx_word' id='word_1_34' title='bbox 473 286 551 310; x_wconf 87' lang='lat' dir='ltr'>sunt.</span> <span class='ocrx_word' id='word_1_35' title='bbox 588 281 651 311; x_wconf 90' lang='lat' dir='ltr'>Has</span> <span class='ocrx_word' id='word_1_36' title='bbox 666 290 783 318; x_wconf 87' lang='lat' dir='ltr'>poenas</span> <span class='ocrx_word' id='word_1_37' title='bbox 799 283 948 319; x_wconf 80' lang='lat' dir='ltr'>Amyntas</span> <span class='ocrx_word' id='word_1_38' title='bbox 963 282 1084 318; x_wconf 82' lang='lat' dir='ltr'>utrique</span> 
     </span>
     <span class='ocr_line' id='line_1_6' title="bbox 99 322 1085 360; baseline 0 -9"><span class='ocrx_word' id='word_1_39' title='bbox 99 322 163 358; x_wconf 80' lang='lat' dir='ltr'>regi</span> <span class='ocrx_word' id='word_1_40' title='bbox 179 323 275 357; x_wconf 81' lang='lat' dir='ltr'>dedit,</span> <span class='ocrx_word' id='word_1_41' title='bbox 298 322 389 351; x_wconf 84' lang='lat' dir='ltr'>nihilo</span> <span class='ocrx_word' id='word_1_42' title='bbox 412 322 509 359; x_wconf 82' lang='lat' dir='ltr'>magis</span> <span class='ocrx_word' id='word_1_43' title='bbox 524 322 567 358; x_wconf 91' lang='lat' dir='ltr'>ei,</span> <span class='ocrx_word' id='word_1_44' title='bbox 593 323 632 351; x_wconf 92' lang='lat' dir='ltr'>ad</span> <span class='ocrx_word' id='word_1_45' title='bbox 649 331 739 360; x_wconf 89' lang='lat' dir='ltr'>quem</span> <span class='ocrx_word' id='word_1_46' title='bbox 754 324 972 360; x_wconf 81' lang='lat' dir='ltr'>transfugerat,</span> <span class='ocrx_word' id='word_1_47' title='bbox 995 323 1085 359; x_wconf 88' lang='lat' dir='ltr'>fidus,</span> 
     </span>
     <span class='ocr_line' id='line_1_7' title="bbox 100 364 567 400; baseline 0.002 -9"><span class='ocrx_word' id='word_1_48' title='bbox 100 372 190 400; x_wconf 82' lang='lat' dir='ltr'>quam</span> <span class='ocrx_word' id='word_1_49' title='bbox 206 364 255 398; x_wconf 79' lang='lat' dir='ltr'>illi,</span> <span class='ocrx_word' id='word_1_50' title='bbox 274 371 364 400; x_wconf 87' lang='lat' dir='ltr'>quem</span> <span class='ocrx_word' id='word_1_51' title='bbox 380 364 567 393; x_wconf 79' lang='lat' dir='ltr'>deseruerat.</span> 
     </span>
    </p>

    <p class='ocr_par' dir='ltr' id='par_1_3' title="bbox 96 405 1128 1055">
     <span class='ocr_line' id='line_1_8' title="bbox 182 405 1127 443; baseline 0.002 -10"><span class='ocrx_word' id='word_1_52' title='bbox 182 405 228 440; x_wconf 81' lang='grc'>(6)</span> <span class='ocrx_word' id='word_1_53' title='bbox 250 405 339 434; x_wconf 84' lang='lat' dir='ltr'>Darei</span> <span class='ocrx_word' id='word_1_54' title='bbox 361 409 535 441; x_wconf 84' lang='lat' dir='ltr'>praetores,</span> <span class='ocrx_word' id='word_1_55' title='bbox 559 405 611 442; x_wconf 86' lang='lat' dir='ltr'>qui</span> <span class='ocrx_word' id='word_1_56' title='bbox 631 406 748 443; x_wconf 89' lang='lat' dir='ltr'>proelio</span> <span class='ocrx_word' id='word_1_57' title='bbox 771 407 853 442; x_wconf 84' lang='lat' dir='ltr'>apud</span> <span class='ocrx_word' id='word_1_58' title='bbox 874 407 963 436; x_wconf 87' lang='lat' dir='ltr'>Isson</span> <span class='ocrx_word' id='word_1_59' title='bbox 979 409 1127 442; x_wconf 78' lang='lat' dir='ltr'>super-34</span> 
     </span>
     <span class='ocr_line' id='line_1_9' title="bbox 100 447 1084 483; baseline 0.001 -8"><span class='ocrx_word' id='word_1_60' title='bbox 100 448 233 482; x_wconf 79' lang='lat' dir='ltr'>fuerant,</span> <span class='ocrx_word' id='word_1_61' title='bbox 256 455 324 475; x_wconf 86' lang='lat' dir='ltr'>curn</span> <span class='ocrx_word' id='word_1_62' title='bbox 341 447 421 476; x_wconf 90' lang='lat' dir='ltr'>omni</span> <span class='ocrx_word' id='word_1_63' title='bbox 437 455 542 482; x_wconf 90' lang='lat' dir='ltr'>manu,</span> <span class='ocrx_word' id='word_1_64' title='bbox 566 455 645 483; x_wconf 88' lang='lat' dir='ltr'>quae</span> <span class='ocrx_word' id='word_1_65' title='bbox 660 447 810 483; x_wconf 82' lang='lat' dir='ltr'>fugientes</span> <span class='ocrx_word' id='word_1_66' title='bbox 826 452 932 477; x_wconf 90' lang='lat' dir='ltr'>secuta</span> <span class='ocrx_word' id='word_1_67' title='bbox 948 451 1020 483; x_wconf 79' lang='lat' dir='ltr'>erat,</span> <span class='ocrx_word' id='word_1_68' title='bbox 1036 455 1084 476; x_wconf 90' lang='lat' dir='ltr'>as-</span> 
     </span>
     <span class='ocr_line' id='line_1_10' title="bbox 100 488 1084 526; baseline -0.001 -9"><span class='ocrx_word' id='word_1_69' title='bbox 100 492 220 525; x_wconf 86' lang='lat' dir='ltr'>sumpta</span> <span class='ocrx_word' id='word_1_70' title='bbox 236 488 324 517; x_wconf 89' lang='lat' dir='ltr'>etiam</span> <span class='ocrx_word' id='word_1_71' title='bbox 341 488 554 525; x_wconf 72' lang='lat' dir='ltr'>Cappadocum</span> <span class='ocrx_word' id='word_1_72' title='bbox 569 493 598 517; x_wconf 90' lang='lat' dir='ltr'>et</span> <span class='ocrx_word' id='word_1_73' title='bbox 612 488 836 525; x_wconf 71' lang='lat' dir='ltr'>Paphlagonum</span> <span class='ocrx_word' id='word_1_74' title='bbox 851 489 1013 524; x_wconf 88' lang='lat' dir='ltr'>iuventute,</span> <span class='ocrx_word' id='word_1_75' title='bbox 1026 489 1084 526; x_wconf 87' lang='lat' dir='ltr'>Ly-</span> 
     </span>
     <span class='ocr_line' id='line_1_11' title="bbox 99 529 1128 567; baseline 0.002 -9"><span class='ocrx_word' id='word_1_76' title='bbox 99 529 180 558; x_wconf 82' lang='lat' dir='ltr'>diam</span> <span class='ocrx_word' id='word_1_77' title='bbox 195 537 378 566; x_wconf 86' lang='lat' dir='ltr'>recuperare</span> <span class='ocrx_word' id='word_1_78' title='bbox 394 530 557 559; x_wconf 75' lang='lat' dir='ltr'>tentabant.</span> <span class='ocrx_word' id='word_1_79' title='bbox 574 530 753 566; x_wconf 75' lang='lat' dir='ltr'>Antigonus,</span> <span class='ocrx_word' id='word_1_80' title='bbox 770 535 893 567; x_wconf 90' lang='lat' dir='ltr'>praetor</span> <span class='ocrx_word' id='word_1_81' title='bbox 908 530 1084 565; x_wconf 83' lang='lat' dir='ltr'>Alexandri,</span> <span class='ocrx_word' id='word_1_82' title='bbox 1095 535 1128 560; x_wconf 85' lang='lat'>35</span> 
     </span>
     <span class='ocr_line' id='line_1_12' title="bbox 98 571 1084 608; baseline 0 -9"><span class='ocrx_word' id='word_1_83' title='bbox 98 571 214 608; x_wconf 83' lang='lat' dir='ltr'>Lydiae</span> <span class='ocrx_word' id='word_1_84' title='bbox 236 575 388 607; x_wconf 84' lang='lat' dir='ltr'>praeerat:</span> <span class='ocrx_word' id='word_1_85' title='bbox 416 571 484 607; x_wconf 91' lang='lat' dir='ltr'>qui,</span> <span class='ocrx_word' id='word_1_86' title='bbox 512 579 695 608; x_wconf 88' lang='lat' dir='ltr'>quamquam</span> <span class='ocrx_word' id='word_1_87' title='bbox 716 573 883 608; x_wconf 89' lang='lat' dir='ltr'>plerosque</span> <span class='ocrx_word' id='word_1_88' title='bbox 904 571 1028 600; x_wconf 91' lang='lat' dir='ltr'>militum</span> <span class='ocrx_word' id='word_1_89' title='bbox 1045 579 1084 600; x_wconf 88' lang='lat' dir='ltr'>ex</span> 
     </span>
     <span class='ocr_line' id='line_1_13' title="bbox 98 612 1084 650; baseline 0 -10"><span class='ocrx_word' id='word_1_90' title='bbox 98 612 261 648; x_wconf 86' lang='lat' dir='ltr'>praesidiis</span> <span class='ocrx_word' id='word_1_91' title='bbox 277 613 316 641; x_wconf 89' lang='lat' dir='ltr'>ad</span> <span class='ocrx_word' id='word_1_92' title='bbox 331 620 434 649; x_wconf 84' lang='lat' dir='ltr'>regem</span> <span class='ocrx_word' id='word_1_93' title='bbox 450 612 614 647; x_wconf 79' lang='lat' dir='ltr'>dimiserat,</span> <span class='ocrx_word' id='word_1_94' title='bbox 630 618 740 650; x_wconf 86' lang='lat' dir='ltr'>tamen,</span> <span class='ocrx_word' id='word_1_95' title='bbox 755 612 892 642; x_wconf 88' lang='lat' dir='ltr'>barbaris</span> <span class='ocrx_word' id='word_1_96' title='bbox 909 612 1036 650; x_wconf 83' lang='lat' dir='ltr'>spretis,</span> <span class='ocrx_word' id='word_1_97' title='bbox 1053 612 1084 641; x_wconf 92' lang='lat' dir='ltr'>in</span> 
     </span>
     <span class='ocr_line' id='line_1_14' title="bbox 98 653 1084 691; baseline 0.001 -10"><span class='ocrx_word' id='word_1_98' title='bbox 98 653 196 682; x_wconf 81' lang='lat' dir='ltr'>aciem</span> <span class='ocrx_word' id='word_1_99' title='bbox 218 662 292 682; x_wconf 90' lang='lat' dir='ltr'>suos</span> <span class='ocrx_word' id='word_1_100' title='bbox 315 653 428 683; x_wconf 81' lang='lat' dir='ltr'>eduxit.</span> <span class='ocrx_word' id='word_1_101' title='bbox 470 653 584 683; x_wconf 89' lang='lat' dir='ltr'>Eadem</span> <span class='ocrx_word' id='word_1_102' title='bbox 605 654 665 683; x_wconf 89' lang='lat' dir='ltr'>illic</span> <span class='ocrx_word' id='word_1_103' title='bbox 682 663 805 691; x_wconf 87' lang='lat' dir='ltr'>quoque</span> <span class='ocrx_word' id='word_1_104' title='bbox 821 655 940 683; x_wconf 84' lang='lat' dir='ltr'>fortuna</span> <span class='ocrx_word' id='word_1_105' title='bbox 955 653 1084 690; x_wconf 86' lang='lat' dir='ltr'>partium</span> 
     </span>
     <span class='ocr_line' id='line_1_15' title="bbox 99 694 1084 732; baseline 0.003 -10"><span class='ocrx_word' id='word_1_106' title='bbox 99 694 168 723; x_wconf 85' lang='lat' dir='ltr'>fuit:</span> <span class='ocrx_word' id='word_1_107' title='bbox 200 695 294 723; x_wconf 88' lang='lat' dir='ltr'>tribus</span> <span class='ocrx_word' id='word_1_108' title='bbox 321 695 446 731; x_wconf 85' lang='lat' dir='ltr'>proeliis</span> <span class='ocrx_word' id='word_1_109' title='bbox 472 695 531 723; x_wconf 91' lang='lat' dir='ltr'>alia</span> <span class='ocrx_word' id='word_1_110' title='bbox 556 700 649 731; x_wconf 90' lang='lat' dir='ltr'>atque</span> <span class='ocrx_word' id='word_1_111' title='bbox 678 696 737 725; x_wconf 86' lang='lat' dir='ltr'>alia</span> <span class='ocrx_word' id='word_1_112' title='bbox 762 695 887 732; x_wconf 82' lang='lat' dir='ltr'>regione</span> <span class='ocrx_word' id='word_1_113' title='bbox 912 695 1084 725; x_wconf 88' lang='lat' dir='ltr'>commissis</span> 
     </span>
     <span class='ocr_line' id='line_1_16' title="bbox 96 736 1126 773; baseline 0.002 -9"><span class='ocrx_word' id='word_1_114' title='bbox 96 736 208 765; x_wconf 87' lang='lat' dir='ltr'>Persae</span> <span class='ocrx_word' id='word_1_115' title='bbox 225 736 404 765; x_wconf 83' lang='lat' dir='ltr'>funduntur.</span> <span class='ocrx_word' id='word_1_116' title='bbox 429 737 545 766; x_wconf 89' lang='lat' dir='ltr'>Eodem</span> <span class='ocrx_word' id='word_1_117' title='bbox 557 741 691 773; x_wconf 82' lang='lat' dir='ltr'>tempore</span> <span class='ocrx_word' id='word_1_118' title='bbox 707 737 816 766; x_wconf 86' lang='lat' dir='ltr'>elassis</span> <span class='ocrx_word' id='word_1_119' title='bbox 831 737 1030 766; x_wconf 71' lang='lat' dir='ltr'>Macedonum</span> <span class='ocrx_word' id='word_1_120' title='bbox 1046 745 1084 765; x_wconf 84' lang='lat' dir='ltr'>ex</span> <span class='ocrx_word' id='word_1_121' title='bbox 1092 741 1126 767; x_wconf 84' lang='lat'>36</span> 
     </span>
     <span class='ocr_line' id='line_1_17' title="bbox 99 777 1083 815; baseline 0.001 -10"><span class='ocrx_word' id='word_1_122' title='bbox 99 777 226 806; x_wconf 85' lang='lat' dir='ltr'>Graecia</span> <span class='ocrx_word' id='word_1_123' title='bbox 240 777 337 806; x_wconf 87' lang='lat' dir='ltr'>accita</span> <span class='ocrx_word' id='word_1_124' title='bbox 352 778 581 812; x_wconf 71' lang='lat' dir='ltr'>Aristomenen,</span> <span class='ocrx_word' id='word_1_125' title='bbox 605 778 655 815; x_wconf 86' lang='lat' dir='ltr'>qui</span> <span class='ocrx_word' id='word_1_126' title='bbox 677 779 715 807; x_wconf 85' lang='lat' dir='ltr'>ad</span> <span class='ocrx_word' id='word_1_127' title='bbox 731 779 921 814; x_wconf 87' lang='lat' dir='ltr'>Hellesponti</span> <span class='ocrx_word' id='word_1_128' title='bbox 938 786 1022 807; x_wconf 88' lang='lat' dir='ltr'>oram</span> <span class='ocrx_word' id='word_1_129' title='bbox 1036 786 1083 807; x_wconf 90' lang='lat' dir='ltr'>re-</span> 
     </span>
     <span class='ocr_line' id='line_1_18' title="bbox 98 819 1084 856; baseline 0.001 -9"><span class='ocrx_word' id='word_1_130' title='bbox 98 819 305 855; x_wconf 83' lang='lat' dir='ltr'>cuperandam</span> <span class='ocrx_word' id='word_1_131' title='bbox 323 827 341 847; x_wconf 95' lang='lat' dir='ltr'>a</span> <span class='ocrx_word' id='word_1_132' title='bbox 356 820 452 848; x_wconf 74' lang='lat' dir='ltr'>Dareo</span> <span class='ocrx_word' id='word_1_133' title='bbox 469 824 533 848; x_wconf 88' lang='lat' dir='ltr'>erat</span> <span class='ocrx_word' id='word_1_134' title='bbox 548 819 677 855; x_wconf 87' lang='lat' dir='ltr'>missus,</span> <span class='ocrx_word' id='word_1_135' title='bbox 701 820 798 856; x_wconf 86' lang='lat' dir='ltr'>captis</span> <span class='ocrx_word' id='word_1_136' title='bbox 821 819 887 848; x_wconf 89' lang='lat' dir='ltr'>eius</span> <span class='ocrx_word' id='word_1_137' title='bbox 908 823 960 848; x_wconf 88' lang='lat' dir='ltr'>aut</span> <span class='ocrx_word' id='word_1_138' title='bbox 975 819 1084 848; x_wconf 89' lang='lat' dir='ltr'>mersis</span> 
     </span>
     <span class='ocr_line' id='line_1_19' title="bbox 98 860 1125 897; baseline 0.003 -9"><span class='ocrx_word' id='word_1_139' title='bbox 98 861 236 895; x_wconf 79' lang='lat' dir='ltr'>navibus,</span> <span class='ocrx_word' id='word_1_140' title='bbox 253 865 386 897; x_wconf 86' lang='lat' dir='ltr'>superat.</span> <span class='ocrx_word' id='word_1_141' title='bbox 428 863 455 889; x_wconf 90' lang='lat' dir='ltr'><strong>A</strong></span> <span class='ocrx_word' id='word_1_142' title='bbox 469 860 596 889; x_wconf 87' lang='lat' dir='ltr'>Milesiis</span> <span class='ocrx_word' id='word_1_143' title='bbox 618 861 728 890; x_wconf 89' lang='lat' dir='ltr'>deinde</span> <span class='ocrx_word' id='word_1_144' title='bbox 746 861 975 896; x_wconf 65' lang='lat' dir='ltr'>Pharnabazus,</span> <span class='ocrx_word' id='word_1_145' title='bbox 996 869 1084 897; x_wconf 86' lang='lat' dir='ltr'>prae·</span> <span class='ocrx_word' id='word_1_146' title='bbox 1092 865 1125 892; x_wconf 86' lang='grc'>37</span> 
     </span>
     <span class='ocr_line' id='line_1_20' title="bbox 98 901 1083 939; baseline 0.001 -9"><span class='ocrx_word' id='word_1_147' title='bbox 98 902 195 930; x_wconf 80' lang='lat' dir='ltr'>fectus</span> <span class='ocrx_word' id='word_1_148' title='bbox 203 902 344 931; x_wconf 85' lang='lat' dir='ltr'>Persicae</span> <span class='ocrx_word' id='word_1_149' title='bbox 352 902 469 937; x_wconf 88' lang='lat' dir='ltr'>classis,</span> <span class='ocrx_word' id='word_1_150' title='bbox 479 901 608 938; x_wconf 87' lang='lat' dir='ltr'>pecunia</span> <span class='ocrx_word' id='word_1_151' title='bbox 615 907 722 932; x_wconf 84' lang='lat' dir='ltr'>exacta</span> <span class='ocrx_word' id='word_1_152' title='bbox 731 907 760 932; x_wconf 88' lang='lat' dir='ltr'>et</span> <span class='ocrx_word' id='word_1_153' title='bbox 773 902 927 939; x_wconf 87' lang='lat' dir='ltr'>praesidio</span> <span class='ocrx_word' id='word_1_154' title='bbox 936 902 966 931; x_wconf 92' lang='lat' dir='ltr'>in</span> <span class='ocrx_word' id='word_1_155' title='bbox 978 902 1083 931; x_wconf 81' lang='lat' dir='ltr'>urbem</span> 
     </span>
     <span class='ocr_line' id='line_1_21' title="bbox 99 942 1083 980; baseline 0 -8"><span class='ocrx_word' id='word_1_156' title='bbox 99 942 203 972; x_wconf 76' lang='lat' dir='ltr'>Cthm</span> <span class='ocrx_word' id='word_1_157' title='bbox 218 943 406 978; x_wconf 87' lang='lat' dir='ltr'>introducto,</span> <span class='ocrx_word' id='word_1_158' title='bbox 431 948 550 972; x_wconf 90' lang='lat' dir='ltr'>centum</span> <span class='ocrx_word' id='word_1_159' title='bbox 566 943 695 973; x_wconf 89' lang='lat' dir='ltr'>navibus</span> <span class='ocrx_word' id='word_1_160' title='bbox 711 945 847 973; x_wconf 87' lang='lat' dir='ltr'>Andrum</span> <span class='ocrx_word' id='word_1_161' title='bbox 864 948 893 973; x_wconf 88' lang='lat' dir='ltr'>et</span> <span class='ocrx_word' id='word_1_162' title='bbox 908 943 979 972; x_wconf 89' lang='lat' dir='ltr'>inde</span> <span class='ocrx_word' id='word_1_163' title='bbox 995 943 1083 980; x_wconf 87' lang='lat' dir='ltr'>Siph-</span> 
     </span>
     <span class='ocr_line' id='line_1_22' title="bbox 99 985 1083 1022; baseline 0 -9"><span class='ocrx_word' id='word_1_164' title='bbox 99 993 170 1013; x_wconf 89' lang='lat' dir='ltr'>num</span> <span class='ocrx_word' id='word_1_165' title='bbox 187 985 279 1021; x_wconf 89' lang='lat' dir='ltr'>petiit.</span> <span class='ocrx_word' id='word_1_166' title='bbox 303 985 366 1014; x_wconf 85' lang='lat' dir='ltr'>Has</span> <span class='ocrx_word' id='word_1_167' title='bbox 383 993 506 1022; x_wconf 86' lang='lat' dir='ltr'>quoque</span> <span class='ocrx_word' id='word_1_168' title='bbox 523 985 638 1014; x_wconf 86' lang='lat' dir='ltr'>insulas</span> <span class='ocrx_word' id='word_1_169' title='bbox 655 985 816 1022; x_wconf 85' lang='lat' dir='ltr'>praesidiis</span> <span class='ocrx_word' id='word_1_170' title='bbox 834 990 972 1021; x_wconf 87' lang='lat' dir='ltr'>occupat,</span> <span class='ocrx_word' id='word_1_171' title='bbox 990 993 1083 1021; x_wconf 84' lang='lat' dir='ltr'>pecu-</span> 
     </span>
     <span class='ocr_line' id='line_1_23' title="bbox 99 1026 277 1055; baseline -0.006 -1"><span class='ocrx_word' id='word_1_172' title='bbox 99 1026 148 1054; x_wconf 88' lang='lat' dir='ltr'>nia</span> <span class='ocrx_word' id='word_1_173' title='bbox 164 1027 277 1055; x_wconf 89' lang='lat' dir='ltr'>multat.</span> 
     </span>
    </p>

    <p class='ocr_par' dir='ltr' id='par_1_4' title="bbox 98 1067 1126 1470">
     <span class='ocr_line' id='line_1_24' title="bbox 180 1067 1123 1104; baseline 0.001 -8"><span class='ocrx_word' id='word_1_174' title='bbox 180 1067 356 1104; x_wconf 84' lang='lat' dir='ltr'>Magnitudo</span> <span class='ocrx_word' id='word_1_175' title='bbox 384 1067 469 1102; x_wconf 86' lang='lat' dir='ltr'>belli,</span> <span class='ocrx_word' id='word_1_176' title='bbox 501 1069 583 1104; x_wconf 84' lang='lat' dir='ltr'>quod</span> <span class='ocrx_word' id='word_1_177' title='bbox 610 1069 647 1096; x_wconf 82' lang='lat' dir='ltr'>ab</span> <span class='ocrx_word' id='word_1_178' title='bbox 674 1067 914 1104; x_wconf 87' lang='lat' dir='ltr'>opulentissimis</span> <span class='ocrx_word' id='word_1_179' title='bbox 939 1068 1081 1104; x_wconf 86' lang='lat' dir='ltr'>Europae</span> <span class='ocrx_word' id='word_1_180' title='bbox 1091 1071 1123 1097; x_wconf 82' lang='lat'>38</span> 
     </span>
     <span class='ocr_line' id='line_1_25' title="bbox 99 1108 1082 1145; baseline 0 -8"><span class='ocrx_word' id='word_1_181' title='bbox 99 1108 253 1145; x_wconf 81' lang='lat' dir='ltr'>Asiaeque</span> <span class='ocrx_word' id='word_1_182' title='bbox 269 1109 392 1145; x_wconf 81' lang='lat' dir='ltr'>regibus</span> <span class='ocrx_word' id='word_1_183' title='bbox 409 1109 438 1137; x_wconf 89' lang='lat' dir='ltr'>in</span> <span class='ocrx_word' id='word_1_184' title='bbox 455 1117 541 1145; x_wconf 88' lang='lat' dir='ltr'>spem</span> <span class='ocrx_word' id='word_1_185' title='bbox 562 1109 654 1138; x_wconf 86' lang='lat' dir='ltr'>totius</span> <span class='ocrx_word' id='word_1_186' title='bbox 671 1109 753 1138; x_wconf 91' lang='lat' dir='ltr'>orbis</span> <span class='ocrx_word' id='word_1_187' title='bbox 771 1108 942 1145; x_wconf 85' lang='lat' dir='ltr'>occupandi</span> <span class='ocrx_word' id='word_1_188' title='bbox 957 1109 1082 1145; x_wconf 82' lang='lat' dir='ltr'>gereba-</span> 
     </span>
     <span class='ocr_line' id='line_1_26' title="bbox 98 1150 1124 1186; baseline 0 -7"><span class='ocrx_word' id='word_1_189' title='bbox 98 1155 159 1185; x_wconf 89' lang='lat' dir='ltr'>tur,</span> <span class='ocrx_word' id='word_1_190' title='bbox 182 1150 327 1179; x_wconf 88' lang='lat' dir='ltr'>Graeciae</span> <span class='ocrx_word' id='word_1_191' title='bbox 344 1159 468 1186; x_wconf 84' lang='lat' dir='ltr'>quoque</span> <span class='ocrx_word' id='word_1_192' title='bbox 483 1154 513 1179; x_wconf 89' lang='lat' dir='ltr'>et</span> <span class='ocrx_word' id='word_1_193' title='bbox 529 1150 634 1179; x_wconf 89' lang='lat' dir='ltr'>Cretae</span> <span class='ocrx_word' id='word_1_194' title='bbox 650 1159 732 1179; x_wconf 88' lang='lat' dir='ltr'>arma</span> <span class='ocrx_word' id='word_1_195' title='bbox 747 1154 961 1179; x_wconf 85' lang='lat' dir='ltr'>commoverat.</span> <span class='ocrx_word' id='word_1_196' title='bbox 998 1150 1083 1186; x_wconf 80' lang='lat' dir='ltr'>Ag1s,</span> <span class='ocrx_word' id='word_1_197' title='bbox 1091 1154 1124 1180; x_wconf 83' lang='lat'>39</span> 
     </span>
     <span class='ocr_line' id='line_1_27' title="bbox 100 1191 1083 1228; baseline 0 -8"><span class='ocrx_word' id='word_1_198' title='bbox 100 1191 409 1221; x_wconf 84' lang='lat' dir='ltr'>Lacedaemoniorum</span> <span class='ocrx_word' id='word_1_199' title='bbox 430 1200 500 1227; x_wconf 87' lang='lat' dir='ltr'>rex,</span> <span class='ocrx_word' id='word_1_200' title='bbox 527 1196 596 1220; x_wconf 87' lang='lat' dir='ltr'>octo</span> <span class='ocrx_word' id='word_1_201' title='bbox 612 1191 733 1220; x_wconf 90' lang='lat' dir='ltr'>milibus</span> <span class='ocrx_word' id='word_1_202' title='bbox 750 1192 950 1226; x_wconf 90' lang='lat' dir='ltr'>Graecorum,</span> <span class='ocrx_word' id='word_1_203' title='bbox 978 1192 1029 1228; x_wconf 89' lang='lat' dir='ltr'>qui</span> <span class='ocrx_word' id='word_1_204' title='bbox 1045 1200 1083 1220; x_wconf 86' lang='lat' dir='ltr'>ex</span> 
     </span>
     <span class='ocr_line' id='line_1_28' title="bbox 99 1232 1082 1269; baseline 0 -8"><span class='ocrx_word' id='word_1_205' title='bbox 99 1232 202 1262; x_wconf 85' lang='lat' dir='ltr'>Cilicia</span> <span class='ocrx_word' id='word_1_206' title='bbox 218 1233 337 1269; x_wconf 81' lang='lat' dir='ltr'>profugi</span> <span class='ocrx_word' id='word_1_207' title='bbox 353 1233 462 1262; x_wconf 89' lang='lat' dir='ltr'>domos</span> <span class='ocrx_word' id='word_1_208' title='bbox 474 1232 666 1269; x_wconf 89' lang='lat' dir='ltr'>repetierant,</span> <span class='ocrx_word' id='word_1_209' title='bbox 684 1232 855 1268; x_wconf 83' lang='lat' dir='ltr'>contractis,</span> <span class='ocrx_word' id='word_1_210' title='bbox 871 1233 983 1261; x_wconf 91' lang='lat' dir='ltr'>bellum</span> <span class='ocrx_word' id='word_1_211' title='bbox 998 1232 1082 1261; x_wconf 84' lang='lat' dir='ltr'>Anti-</span> 
     </span>
     <span class='ocr_line' id='line_1_29' title="bbox 98 1274 1126 1311; baseline 0 -8"><span class='ocrx_word' id='word_1_212' title='bbox 98 1274 200 1311; x_wconf 69' lang='lat' dir='ltr'>patro,</span> <span class='ocrx_word' id='word_1_213' title='bbox 224 1274 423 1303; x_wconf 89' lang='lat' dir='ltr'>Macedoniae</span> <span class='ocrx_word' id='word_1_214' title='bbox 440 1275 612 1311; x_wconf 79' lang='lat' dir='ltr'>praefecto,</span> <span class='ocrx_word' id='word_1_215' title='bbox 635 1274 823 1304; x_wconf 90' lang='lat' dir='ltr'>moliebatur.</span> <span class='ocrx_word' id='word_1_216' title='bbox 852 1274 1013 1303; x_wconf 83' lang='lat' dir='ltr'>Cretenses</span> <span class='ocrx_word' id='word_1_217' title='bbox 1028 1274 1126 1303; x_wconf 77' lang='lat' dir='ltr'>has40</span> 
     </span>
     <span class='ocr_line' id='line_1_30' title="bbox 98 1316 1082 1352; baseline 0 -8"><span class='ocrx_word' id='word_1_218' title='bbox 98 1320 149 1345; x_wconf 82' lang='lat' dir='ltr'>aut</span> <span class='ocrx_word' id='word_1_219' title='bbox 169 1316 236 1345; x_wconf 91' lang='lat' dir='ltr'>illas</span> <span class='ocrx_word' id='word_1_220' title='bbox 257 1320 360 1352; x_wconf 89' lang='lat' dir='ltr'>partes</span> <span class='ocrx_word' id='word_1_221' title='bbox 381 1316 477 1345; x_wconf 88' lang='lat' dir='ltr'>secuti</span> <span class='ocrx_word' id='word_1_222' title='bbox 499 1323 578 1344; x_wconf 93' lang='lat' dir='ltr'>nunc</span> <span class='ocrx_word' id='word_1_223' title='bbox 595 1316 827 1352; x_wconf 84' lang='lat' dir='ltr'>Spartanorum,</span> <span class='ocrx_word' id='word_1_224' title='bbox 849 1324 928 1344; x_wconf 88' lang='lat' dir='ltr'>nunc</span> <span class='ocrx_word' id='word_1_225' title='bbox 943 1316 1082 1344; x_wconf 71' lang='lat' dir='ltr'>Macedo-</span> 
     </span>
     <span class='ocr_line' id='line_1_31' title="bbox 100 1356 1082 1394; baseline -0.001 -8"><span class='ocrx_word' id='word_1_226' title='bbox 100 1365 170 1386; x_wconf 89' lang='lat' dir='ltr'>num</span> <span class='ocrx_word' id='word_1_227' title='bbox 186 1357 347 1394; x_wconf 88' lang='lat' dir='ltr'>praesidiis</span> <span class='ocrx_word' id='word_1_228' title='bbox 364 1357 601 1394; x_wconf 84' lang='lat' dir='ltr'>occupabantur.</span> <span class='ocrx_word' id='word_1_229' title='bbox 624 1357 686 1387; x_wconf 90' lang='lat' dir='ltr'>Sed</span> <span class='ocrx_word' id='word_1_230' title='bbox 702 1357 817 1387; x_wconf 90' lang='lat' dir='ltr'>leviora</span> <span class='ocrx_word' id='word_1_231' title='bbox 829 1356 906 1387; x_wconf 88' lang='lat' dir='ltr'>inter</span> <span class='ocrx_word' id='word_1_232' title='bbox 917 1357 985 1386; x_wconf 92' lang='lat' dir='ltr'>illos</span> <span class='ocrx_word' id='word_1_233' title='bbox 998 1358 1082 1386; x_wconf 84' lang='lat' dir='ltr'>suere</span> 
     </span>
     <span class='ocr_line' id='line_1_32' title="bbox 99 1398 1081 1436; baseline -0.002 -8"><span class='ocrx_word' id='word_1_234' title='bbox 99 1399 281 1434; x_wconf 84' lang='lat' dir='ltr'>discrimina,</span> <span class='ocrx_word' id='word_1_235' title='bbox 300 1408 392 1428; x_wconf 90' lang='lat' dir='ltr'>unum</span> <span class='ocrx_word' id='word_1_236' title='bbox 409 1404 575 1434; x_wconf 83' lang='lat' dir='ltr'>certamen,</span> <span class='ocrx_word' id='word_1_237' title='bbox 593 1408 631 1428; x_wconf 81' lang='lat' dir='ltr'>ex</span> <span class='ocrx_word' id='word_1_238' title='bbox 648 1408 708 1436; x_wconf 93' lang='lat' dir='ltr'>quo</span> <span class='ocrx_word' id='word_1_239' title='bbox 726 1403 825 1429; x_wconf 86' lang='lat' dir='ltr'>cetera</span> <span class='ocrx_word' id='word_1_240' title='bbox 840 1399 1022 1436; x_wconf 85' lang='lat' dir='ltr'>pendebant,</span> <span class='ocrx_word' id='word_1_241' title='bbox 1038 1398 1081 1426; x_wconf 89' lang='lat' dir='ltr'>in—</span> 
     </span>
     <span class='ocr_line' id='line_1_33' title="bbox 101 1441 345 1470; baseline 0 -1"><span class='ocrx_word' id='word_1_242' title='bbox 101 1445 201 1470; x_wconf 88' lang='lat' dir='ltr'>tuente</span> <span class='ocrx_word' id='word_1_243' title='bbox 217 1441 345 1470; x_wconf 84' lang='lat' dir='ltr'>fortuna.</span> 
     </span>
    </p>
   </div>
   <div class='ocr_carea' id='block_1_3' title="bbox 540 1503 690 1531">
    <p class='ocr_par' dir='ltr' id='par_1_5' title="bbox 540 1503 690 1531">
     <span class='ocr_line' id='line_1_34' title="bbox 540 1503 690 1531; baseline 0 0"><span class='ocrx_word' id='word_1_244' title='bbox 540 1503 632 1531; x_wconf 88' lang='lat' dir='ltr'>CAP.</span> <span class='ocrx_word' id='word_1_245' title='bbox 655 1503 690 1531; x_wconf 91' lang='grc' dir='ltr'>ΙΙ.</span> 
     </span>
    </p>
   </div>
   <div class='ocr_carea' id='block_1_4' title="bbox 100 1564 1124 1727">
    <p class='ocr_par' dir='ltr' id='par_1_6' title="bbox 100 1564 1124 1727">
     <span class='ocr_line' id='line_1_35' title="bbox 185 1564 1123 1603; baseline 0.001 -10"><span class='ocrx_word' id='word_1_246' title='bbox 185 1564 230 1600; x_wconf 88' lang='lat'>(7)</span> <span class='ocrx_word' id='word_1_247' title='bbox 252 1566 313 1593; x_wconf 80' lang='lat' dir='ltr'>lam</span> <span class='ocrx_word' id='word_1_248' title='bbox 331 1569 392 1594; x_wconf 87' lang='lat' dir='ltr'>tota</span> <span class='ocrx_word' id='word_1_249' title='bbox 414 1564 517 1603; x_wconf 87' lang='lat' dir='ltr'>Syria,</span> <span class='ocrx_word' id='word_1_250' title='bbox 543 1565 603 1594; x_wconf 87' lang='lat' dir='ltr'>iam</span> <span class='ocrx_word' id='word_1_251' title='bbox 615 1565 766 1594; x_wconf 82' lang='lat' dir='ltr'>Phoenice</span> <span class='ocrx_word' id='word_1_252' title='bbox 789 1573 927 1601; x_wconf 85' lang='lat' dir='ltr'>quoque,</span> <span class='ocrx_word' id='word_1_253' title='bbox 953 1568 1084 1601; x_wconf 87' lang='lat' dir='ltr'>excepta</span> <span class='ocrx_word' id='word_1_254' title='bbox 1109 1569 1123 1594; x_wconf 91' lang='lat' dir='ltr'>l</span> 
     </span>
     <span class='ocr_line' id='line_1_36' title="bbox 100 1605 1080 1644; baseline 0 -10"><span class='ocrx_word' id='word_1_255' title='bbox 100 1607 195 1644; x_wconf 85' lang='lat' dir='ltr'>Tyro,</span> <span class='ocrx_word' id='word_1_256' title='bbox 216 1607 415 1635; x_wconf 73' lang='lat' dir='ltr'>Macedonum</span> <span class='ocrx_word' id='word_1_257' title='bbox 437 1611 515 1642; x_wconf 87' lang='lat' dir='ltr'>erat,</span> <span class='ocrx_word' id='word_1_258' title='bbox 536 1606 729 1643; x_wconf 85' lang='lat' dir='ltr'>habebatque</span> <span class='ocrx_word' id='word_1_259' title='bbox 750 1614 804 1635; x_wconf 88' lang='lat' dir='ltr'>rex</span> <span class='ocrx_word' id='word_1_260' title='bbox 827 1610 925 1635; x_wconf 87' lang='lat' dir='ltr'>castra</span> <span class='ocrx_word' id='word_1_261' title='bbox 940 1606 969 1635; x_wconf 89' lang='lat' dir='ltr'>in</span> <span class='ocrx_word' id='word_1_262' title='bbox 987 1605 1080 1636; x_wconf 85' lang='lat' dir='ltr'>conti-</span> 
     </span>
     <span class='ocr_line' id='line_1_37' title="bbox 101 1647 1124 1686; baseline 0.002 -10"><span class='ocrx_word' id='word_1_263' title='bbox 101 1647 196 1683; x_wconf 86' lang='lat' dir='ltr'>nenti,</span> <span class='ocrx_word' id='word_1_264' title='bbox 224 1656 242 1676; x_wconf 86' lang='lat' dir='ltr'>a</span> <span class='ocrx_word' id='word_1_265' title='bbox 265 1656 325 1684; x_wconf 87' lang='lat' dir='ltr'>qua</span> <span class='ocrx_word' id='word_1_266' title='bbox 346 1648 450 1677; x_wconf 86' lang='lat' dir='ltr'>urbem</span> <span class='ocrx_word' id='word_1_267' title='bbox 473 1654 635 1684; x_wconf 81' lang='lat' dir='ltr'>angustum</span> <span class='ocrx_word' id='word_1_268' title='bbox 656 1649 762 1677; x_wconf 78' lang='lat' dir='ltr'>fretum</span> <span class='ocrx_word' id='word_1_269' title='bbox 779 1647 897 1676; x_wconf 87' lang='lat' dir='ltr'>dirimit.</span> <span class='ocrx_word' id='word_1_270' title='bbox 939 1649 1038 1686; x_wconf 80' lang='lat' dir='ltr'>Tyros</span> <span class='ocrx_word' id='word_1_271' title='bbox 1053 1652 1083 1677; x_wconf 92' lang='lat' dir='ltr'>et</span> <span class='ocrx_word' id='word_1_272' title='bbox 1108 1651 1124 1678; x_wconf 81' lang='lat'><em>2</em></span> 
     </span>
     <span class='ocr_line' id='line_1_38' title="bbox 101 1689 1081 1727; baseline 0 -9"><span class='ocrx_word' id='word_1_273' title='bbox 101 1689 306 1726; x_wconf 72' lang='lat' dir='ltr'>magnitudine</span> <span class='ocrx_word' id='word_1_274' title='bbox 323 1693 352 1718; x_wconf 91' lang='lat' dir='ltr'>et</span> <span class='ocrx_word' id='word_1_275' title='bbox 368 1689 502 1718; x_wconf 84' lang='lat' dir='ltr'>claritate</span> <span class='ocrx_word' id='word_1_276' title='bbox 517 1694 587 1719; x_wconf 89' lang='lat' dir='ltr'>ante</span> <span class='ocrx_word' id='word_1_277' title='bbox 603 1697 709 1720; x_wconf 70' lang='lat' dir='ltr'>omres</span> <span class='ocrx_word' id='word_1_278' title='bbox 724 1690 814 1719; x_wconf 89' lang='lat' dir='ltr'>urbes</span> <span class='ocrx_word' id='word_1_279' title='bbox 831 1689 939 1727; x_wconf 85' lang='lat' dir='ltr'>Syriae</span> <span class='ocrx_word' id='word_1_280' title='bbox 954 1689 1081 1718; x_wconf 84' lang='lat' dir='ltr'>Phoeni-</span> 
     </span>
    </p>
   </div>
  </div>
 </body>
</html>
