1215 1895
138 121 209 150 LlB.
224 122 262 148 V.
287 120 368 148 CAP.
385 119 463 154 vm,
481 117 634 148 l—CAP.
651 118 698 155 lX,
714 122 739 149 3.
763 129 802 155 μ’,
816 130 900 150 24-26.
921 128 959 155 z.]
1023 118 1064 150 97

33 202 66 229 13
73 205 159 235 quam
179 197 243 225 irae
260 196 384 231 obsequi.
421 194 477 224 Nec
488 195 532 224 dii
541 195 670 230 siverint,
686 198 717 224 ut
727 196 781 224 hoc
792 196 882 225 decus
892 196 949 225 mei
958 196 1064 232 capitis

73 242 126 268 aut
135 239 253 268 demere
264 237 336 267 mihi
346 238 498 273 quisquam
511 239 564 265 aut
573 237 743 266 condonare
751 239 857 274 possit,
869 245 922 266 nec
937 237 992 266 hoc
1003 237 1062 265 im-

71 282 188 318 perium
201 281 280 308 vivus
293 280 437 312 amittam,
460 278 594 314 idemque
611 279 668 307 erit
683 280 772 315 reqni
786 280 856 314 mei,
883 280 933 315 qui
943 279 1064 315 spiritus

34 326 66 353 14
71 324 148 358 finis.
175 321 210 350 Si
221 322 268 350 hic
280 322 408 355 animus,
421 321 448 348 si
457 320 531 349 haec
542 321 605 355 lex,
619 321 695 349 nulli
704 328 761 349 non
769 324 863 357 parta
875 321 995 350 libertas
1006 323 1064 349 est:

75 371 157 393 nemo
171 372 187 392 e
202 363 278 392 vobis
289 362 445 398 fastidium
457 361 666 397 Macedifnum,
686 370 769 391 nemo
786 363 894 392 vultum
906 362 1064 399 superbum

73 406 160 441 serre
172 409 299 441 coqetur.
332 403 394 432 Sua
409 404 513 440 cuique
530 403 639 432 dextra
657 409 709 432 aut
722 405 859 433 ultionem
872 408 911 433 tot
919 405 1064 433 malorum

35 452 66 477 15
71 448 173 484 pariet
183 449 236 475 aut
242 447 339 482 finem.
362 445 519 482 Equidem,
538 453 626 481 quam
638 446 790 475 versabilis
798 446 926 481 fortuna
937 447 986 481 sit,
1007 446 1064 474 do-

75 493 238 518 cumentum
249 489 311 524 ipse
321 495 384 516 sum
401 495 456 516 nec
472 488 613 516 immerito
630 488 758 516 mitiores
775 489 851 517 vices
861 489 924 517 eius
933 491 1064 524 expecto.

75 530 137 560 Sed
145 531 172 559 si
183 531 259 559 iusta
270 537 307 559 ac
315 530 368 566 pia
381 529 457 558 bella
469 529 513 557 dii
529 532 718 564 aversantur,
738 528 867 564 fortibus
880 532 976 558 tamen
994 530 1066 558 viris

35 572 171 602 lfilicebit
182 572 298 601 honeste
310 572 392 600 mori.
423 570 483 600 Per
493 578 546 606 eyo
558 578 605 599 vos
617 570 725 600 decora
736 572 896 606 maiorum,
920 572 972 607 qui
981 572 1066 600 totius

76 615 196 642 orientis
217 621 311 649 reqna
335 620 400 642 cum
422 612 603 641 memorabili
626 612 716 641 laude
738 616 907 648 tenuerunt,
928 621 984 650 per
1002 613 1066 641 illos

78 656 167 690 turos,
187 655 290 692 quibus
308 654 484 691 stipendium
502 654 680 683 Macedonia
699 655 848 690 quondam
862 656 939 689 tulit,
959 663 1017 691 per
1029 657 1066 683 tot

77 699 195 726 navium
209 698 318 726 classes
329 699 358 725 in
379 696 535 725 Graeciam
552 696 669 731 missas,
692 704 748 732 per
766 700 804 725 tot
822 700 946 733 tropaea
963 704 1067 732 reglum

77 746 130 768 oro
146 742 175 768 et
193 739 328 773 obtestor,
351 740 384 767 ut
400 738 548 767 nobilitate
558 740 654 766 vestra
668 739 820 774 gentisque
831 738 935 774 diqnos
946 739 1066 775 spiritus

37 783 68 810 17
77 781 210 817 capiatis,
223 783 255 808 ut
264 780 544 809 eadeneconstantia
554 780 734 814 animorum,
747 787 806 815 qua
815 781 980 816 praeterita
993 781 1067 808 tole-

78 823 174 856 rastis,
187 822 393 858 experiamini,
410 821 552 857 quecquid
562 821 668 849 deinde
676 820 744 855 sors
756 822 862 850 tulerit.
884 821 934 850 Me
945 824 1025 851 certe
1037 823 1065 850 in

74 867 250 901 perpetuum
262 866 314 892 aut
325 864 446 892 victoria
457 863 579 898 eqreyia
591 862 752 891 nobilitabit
762 867 814 891 aut
819 871 935 899 puqna.

469 928 562 957 CAP.
588 929 636 957 lx.

53 996 66 1021 ι
163 989 230 1024 (26)
251 988 334 1018 Haec
351 987 470 1018 dicente
483 988 597 1023 Dareo,
613 988 785 1025 praesentis
800 988 929 1026 periculi
945 989 1068 1027 species

81 1030 215 1062 omnium
227 1029 315 1059 simul
328 1029 422 1059 corda
433 1029 614 1067 animosque
626 1030 753 1059 horrore
765 1030 994 1067 perstrinxerat,
1012 1039 1069 1060 nec

81 1077 132 1103 aut
147 1071 308 1102 consilium
324 1071 507 1108 suppetebat
528 1076 579 1101 aut
594 1079 669 1101 vox:
693 1080 786 1108 quum
808 1073 995 1108 Artabazus,
1017 1081 1068 1103 ve-

82 1113 268 1144 tustissimus
284 1112 466 1148 amicorum,
489 1121 580 1149 quem
595 1113 747 1150 hospitem
762 1113 858 1144 fuisse
871 1114 1002 1152 Philippi
1019 1123 1068 1144 su-

82 1164 137 1194 pra
152 1154 300 1189 diximus,
318 1155 376 1184 Nos
387 1163 467 1189 vero,
485 1154 595 1191 inquit,
608 1157 848 1192 pretiosissimam
860 1161 963 1186 vestem
975 1157 1070 1186 induti

81 1198 238 1234 armisque,
253 1200 361 1233 quanto
372 1198 502 1226 maximo
512 1198 591 1226 cultu
597 1205 761 1234 possumus,
777 1199 919 1228 adornati
928 1206 1026 1235 reaem
1039 1200 1068 1227 in

81 1241 175 1270 aciem
192 1247 361 1276 sequemur,
382 1246 419 1268 ea
438 1239 554 1274 quidem
572 1242 679 1274 mente,
701 1243 733 1268 ut
748 1241 899 1269 victoriam
910 1248 1067 1277 speremus,

54 1286 71 1312 2
83 1284 202 1312 mortem
219 1289 277 1310 non
288 1288 463 1310 recusemus.
486 1280 628 1310 Assensu
643 1288 796 1317 excepere
812 1282 904 1311 ceteri
920 1281 999 1311 hanc
1016 1290 1067 1311 vo-

81 1331 158 1353 cem.
204 1322 266 1352 Sed
286 1321 496 1358 Nabarzfines,
519 1321 570 1359 qui
591 1322 620 1351 in
643 1323 752 1352 eodem
775 1323 903 1353 consilio
920 1328 985 1353 erat
1001 1331 1068 1353 cum

82 1365 192 1400 Besso,
208 1363 334 1394 inauditi
345 1368 434 1393 antea
448 1363 591 1394 facinoris
605 1364 751 1394 societate
763 1364 845 1401 inita,
860 1373 964 1403 regem
980 1374 1069 1395 suum

83 1414 139 1444 per
159 1405 284 1441 milites,
312 1405 423 1443 quibus
445 1406 533 1435 ambo
556 1410 732 1442 praeerant,
759 1407 1019 1444 comprehendere
1041 1413 1070 1436 et

83 1446 199 1477 vincire
214 1448 428 1482 decreverant,
445 1455 481 1476 ea
499 1452 611 1483 mente,
627 1452 672 1483 ut,
692 1448 718 1477 si
733 1449 908 1478 Alexander
923 1449 1011 1486 ipsos
1026 1449 1069 1477 in—

85 1493 209 1519 secutus
230 1489 322 1524 foret,
349 1489 458 1518 tradito
480 1497 552 1525 rege
573 1488 654 1525 vivo,
665 1489 777 1520 inirent
792 1490 919 1527 gratiam
934 1490 1069 1524 victoris,

83 1530 184 1567 magni
205 1531 343 1567 profecto
367 1530 489 1567 cepisse
510 1531 639 1561 Dareum
666 1531 868 1561 aestimaturi:
896 1532 942 1562 sin
970 1537 1069 1562 autem

84 1580 153 1602 eum
166 1571 302 1609 effugere
314 1572 496 1609 potuissent,
513 1571 670 1603 interfecto
684 1573 793 1610 Dareo,
808 1582 935 1611 regnum
946 1573 1006 1611 ipsi
1020 1581 1069 1604 oc-

0 1626 13 1651 με
60 1618 229 1651 §euparent
249 1614 423 1651 bellumque
443 1618 635 1644 renovarent.
678 1615 744 1644 Hoc
766 1615 961 1653 parricidium
978 1624 1071 1654 quum

87 1655 138 1685 diu
158 1656 364 1691 volutassent,
387 1656 581 1686 Nabarzanes
603 1656 717 1686 aditum
739 1657 873 1687 nefariae
894 1659 961 1696 spei
984 1666 1071 1695 prae-

85 1705 214 1734 parans,
233 1697 314 1734 Scio,
327 1707 387 1734 me,
411 1697 525 1735 inquit,
542 1701 713 1728 sententiam
724 1708 786 1729 esse
797 1700 959 1735 dicturum,
971 1701 1071 1738 prima

84 1740 180 1776 specie
190 1739 420 1777 haudquaquam
429 1740 552 1769 auribus
562 1742 618 1769 tuis
626 1744 755 1777 yratam.
772 1741 832 1771 Sed
842 1742 950 1809 medici
960 1748 1075 1779 quoque

127 1788 207 1809 cunr.
221 1789 284 1810 nur.

0 1349 24 1398 ilo
