<?xml version="1.0" encoding="UTF-8"?>
<!DOCTYPE html PUBLIC "-//W3C//DTD XHTML 1.0 Transitional//EN"
    "http://www.w3.org/TR/xhtml1/DTD/xhtml1-transitional.dtd">
<html xmlns="http://www.w3.org/1999/xhtml" xml:lang="en" lang="en">
 <head>
  <title>
</title>
<meta http-equiv="Content-Type" content="text/html;charset=utf-8" />
  <meta name='ocr-system' content='tesseract 3.04.00' />
  <meta name='ocr-capabilities' content='ocr_page ocr_carea ocr_par ocr_line ocrx_word'/>
</head>
<body>
  <div class='ocr_page' id='page_1' title='image "./degestisalexand00curtuoft_0199.png"; bbox 0 0 1215 1905; ppageno 0'>
   <div class='ocr_carea' id='block_1_1' title="bbox 132 69 1040 111">
    <p class='ocr_par' dir='ltr' id='par_1_1' title="bbox 132 69 1040 111">
     <span class='ocr_line' id='line_1_1' title="bbox 132 69 1040 111; baseline -0.002 -9"><span class='ocrx_word' id='word_1_1' title='bbox 132 72 202 104; x_wconf 92' lang='lat' dir='ltr'><strong>LlB.</strong></span> <span class='ocrx_word' id='word_1_2' title='bbox 218 72 283 102; x_wconf 88' lang='lat' dir='ltr'><strong>Vll.</strong></span> <span class='ocrx_word' id='word_1_3' title='bbox 304 71 385 101; x_wconf 85' lang='lat' dir='ltr'>CAP.</span> <span class='ocrx_word' id='word_1_4' title='bbox 397 72 432 107; x_wconf 82' lang='lat' dir='ltr'><strong>X,</strong></span> <span class='ocrx_word' id='word_1_5' title='bbox 448 71 649 106; x_wconf 84' lang='lat' dir='ltr'><strong>6—CAP.X1,</strong></span> <span class='ocrx_word' id='word_1_6' title='bbox 664 75 695 100; x_wconf 83' lang='lat'><strong>12</strong></span> <span class='ocrx_word' id='word_1_7' title='bbox 721 78 777 111; x_wconf 80' lang='lat' dir='ltr'><strong>[vu.</strong></span> <span class='ocrx_word' id='word_1_8' title='bbox 790 81 875 102; x_wconf 63' lang='grc' dir='ltr'><strong>,το-ιι.</strong></span> <span class='ocrx_word' id='word_1_9' title='bbox 890 78 928 110; x_wconf 83' lang='grc' dir='ltr'><strong>Ζ,]</strong></span> <span class='ocrx_word' id='word_1_10' title='bbox 981 69 1040 101; x_wconf 81' lang='lat'><strong>171</strong></span> 
     </span>
    </p>
   </div>
   <div class='ocr_carea' id='block_1_2' title="bbox 22 147 1044 1730">
    <p class='ocr_par' dir='ltr' id='par_1_2' title="bbox 466 147 613 176">
     <span class='ocr_line' id='line_1_2' title="bbox 466 147 613 176; baseline -0.007 0"><span class='ocrx_word' id='word_1_11' title='bbox 466 147 548 176; x_wconf 77' lang='lat' dir='ltr'>CAP.</span> <span class='ocrx_word' id='word_1_12' title='bbox 564 147 613 176; x_wconf 90' lang='lat' dir='ltr'><strong>Xl.</strong></span> 
     </span>
    </p>

    <p class='ocr_par' dir='ltr' id='par_1_3' title="bbox 25 189 1042 310">
     <span class='ocr_line' id='line_1_3' title="bbox 25 189 1041 226; baseline -0.005 -5"><span class='ocrx_word' id='word_1_13' title='bbox 25 196 36 223; x_wconf 89' lang='grc'>1</span> <span class='ocrx_word' id='word_1_14' title='bbox 129 190 197 226; x_wconf 85' lang='grc'>(41)</span> <span class='ocrx_word' id='word_1_15' title='bbox 214 191 250 220; x_wconf 82' lang='grc' dir='ltr'><strong>Ει</strong></span> <span class='ocrx_word' id='word_1_16' title='bbox 265 194 367 220; x_wconf 84' lang='lat' dir='ltr'><strong>cetera</strong></span> <span class='ocrx_word' id='word_1_17' title='bbox 380 189 502 226; x_wconf 84' lang='lat' dir='ltr'><strong>quidem</strong></span> <span class='ocrx_word' id='word_1_18' title='bbox 515 194 680 226; x_wconf 77' lang='lat' dir='ltr'><strong>pacaverat</strong></span> <span class='ocrx_word' id='word_1_19' title='bbox 691 198 754 219; x_wconf 86' lang='lat' dir='ltr'><strong>rex.</strong></span> <span class='ocrx_word' id='word_1_20' title='bbox 783 189 850 219; x_wconf 85' lang='lat' dir='ltr'><strong>Una</strong></span> <span class='ocrx_word' id='word_1_21' title='bbox 868 193 932 219; x_wconf 83' lang='lat' dir='ltr'><strong>erat</strong></span> <span class='ocrx_word' id='word_1_22' title='bbox 945 192 1041 226; x_wconf 83' lang='lat' dir='ltr'><strong>petra,</strong></span> 
     </span>
     <span class='ocr_line' id='line_1_4' title="bbox 47 231 1042 270; baseline -0.004 -8"><span class='ocrx_word' id='word_1_23' title='bbox 47 240 137 270; x_wconf 78' lang='lat' dir='ltr'><strong>quam</strong></span> <span class='ocrx_word' id='word_1_24' title='bbox 160 232 318 262; x_wconf 62' lang='lat' dir='ltr'><strong>Arimazes</strong></span> <span class='ocrx_word' id='word_1_25' title='bbox 337 231 511 268; x_wconf 58' lang='lat' dir='ltr'><strong>Sogdianus</strong></span> <span class='ocrx_word' id='word_1_26' title='bbox 535 239 602 260; x_wconf 87' lang='lat' dir='ltr'><strong>cum</strong></span> <span class='ocrx_word' id='word_1_27' title='bbox 623 231 704 260; x_wconf 86' lang='lat' dir='ltr'><strong>XXX</strong></span> <span class='ocrx_word' id='word_1_28' title='bbox 721 231 841 261; x_wconf 88' lang='lat' dir='ltr'><strong>milibus</strong></span> <span class='ocrx_word' id='word_1_29' title='bbox 859 235 1042 260; x_wconf 86' lang='lat' dir='ltr'><strong>armatorum</strong></span> 
     </span>
     <span class='ocr_line' id='line_1_5' title="bbox 47 271 1040 310; baseline -0.003 -6"><span class='ocrx_word' id='word_1_30' title='bbox 47 274 216 310; x_wconf 75' lang='lat' dir='ltr'>obtinebat,</span> <span class='ocrx_word' id='word_1_31' title='bbox 240 273 388 303; x_wconf 80' lang='lat' dir='ltr'>alimentis</span> <span class='ocrx_word' id='word_1_32' title='bbox 410 278 479 302; x_wconf 82' lang='lat' dir='ltr'><strong>ante</strong></span> <span class='ocrx_word' id='word_1_33' title='bbox 502 273 674 310; x_wconf 80' lang='lat' dir='ltr'>congestis,</span> <span class='ocrx_word' id='word_1_34' title='bbox 699 281 777 310; x_wconf 80' lang='lat' dir='ltr'><strong>quae</strong></span> <span class='ocrx_word' id='word_1_35' title='bbox 796 278 895 303; x_wconf 77' lang='lat' dir='ltr'><strong>tantae</strong></span> <span class='ocrx_word' id='word_1_36' title='bbox 910 271 1040 303; x_wconf 82' lang='lat' dir='ltr'><strong>multitu-</strong></span> 
     </span>
    </p>

    <p class='ocr_par' dir='ltr' id='par_1_4' title="bbox 24 314 1043 394">
     <span class='ocr_line' id='line_1_6' title="bbox 24 314 1041 352; baseline -0.006 -4"><span class='ocrx_word' id='word_1_37' title='bbox 24 315 110 348; x_wconf 64' lang='lat' dir='ltr'><strong>adini</strong></span> <span class='ocrx_word' id='word_1_38' title='bbox 136 317 183 345; x_wconf 86' lang='lat' dir='ltr'><strong>vel</strong></span> <span class='ocrx_word' id='word_1_39' title='bbox 207 324 262 352; x_wconf 89' lang='lat' dir='ltr'><strong>per</strong></span> <span class='ocrx_word' id='word_1_40' title='bbox 284 315 437 345; x_wconf 83' lang='lat' dir='ltr'><strong>biennium</strong></span> <span class='ocrx_word' id='word_1_41' title='bbox 460 319 667 352; x_wconf 76' lang='lat' dir='ltr'><strong>suppeterent.</strong></span> <span class='ocrx_word' id='word_1_42' title='bbox 699 315 787 344; x_wconf 86' lang='lat' dir='ltr'><strong>Petra</strong></span> <span class='ocrx_word' id='word_1_43' title='bbox 808 315 837 344; x_wconf 92' lang='lat' dir='ltr'><strong>in</strong></span> <span class='ocrx_word' id='word_1_44' title='bbox 854 314 1041 345; x_wconf 79' lang='lat' dir='ltr'><strong>altitudinem</strong></span> 
     </span>
     <span class='ocr_line' id='line_1_7' title="bbox 44 356 1043 394; baseline -0.003 -6"><span class='ocrx_word' id='word_1_45' title='bbox 44 358 125 388; x_wconf 89' lang='lat' dir='ltr'><strong>XXX</strong></span> <span class='ocrx_word' id='word_1_46' title='bbox 141 357 253 387; x_wconf 87' lang='lat' dir='ltr'><strong>eminet</strong></span> <span class='ocrx_word' id='word_1_47' title='bbox 268 357 381 391; x_wconf 83' lang='lat' dir='ltr'><strong>stadia,</strong></span> <span class='ocrx_word' id='word_1_48' title='bbox 406 357 532 386; x_wconf 87' lang='lat' dir='ltr'><strong>circuitu</strong></span> <span class='ocrx_word' id='word_1_49' title='bbox 546 357 566 386; x_wconf 92' lang='lat' dir='ltr'>C</span> <span class='ocrx_word' id='word_1_50' title='bbox 578 357 640 387; x_wconf 90' lang='lat' dir='ltr'><strong>ctL</strong></span> <span class='ocrx_word' id='word_1_51' title='bbox 653 357 873 394; x_wconf 82' lang='lat' dir='ltr'><strong>complectitur.</strong></span> <span class='ocrx_word' id='word_1_52' title='bbox 900 356 1043 393; x_wconf 85' lang='lat' dir='ltr'><strong>Undique</strong></span> 
     </span>
    </p>

    <p class='ocr_par' dir='ltr' id='par_1_5' title="bbox 22 398 1044 855">
     <span class='ocr_line' id='line_1_8' title="bbox 22 398 1042 436; baseline -0.003 -6"><span class='ocrx_word' id='word_1_53' title='bbox 22 399 184 433; x_wconf 71' lang='lat' dir='ltr'><strong>aabscissa</strong></span> <span class='ocrx_word' id='word_1_54' title='bbox 198 403 228 429; x_wconf 89' lang='lat' dir='ltr'><strong>et</strong></span> <span class='ocrx_word' id='word_1_55' title='bbox 241 400 369 436; x_wconf 84' lang='lat' dir='ltr'><strong>abrupta</strong></span> <span class='ocrx_word' id='word_1_56' title='bbox 378 398 485 428; x_wconf 80' lang='lat' dir='ltr'><strong>semita</strong></span> <span class='ocrx_word' id='word_1_57' title='bbox 498 404 684 436; x_wconf 79' lang='lat' dir='ltr'><strong>perangusta</strong></span> <span class='ocrx_word' id='word_1_58' title='bbox 692 399 800 428; x_wconf 87' lang='lat' dir='ltr'><strong>aditur.</strong></span> <span class='ocrx_word' id='word_1_59' title='bbox 822 400 854 428; x_wconf 93' lang='lat' dir='ltr'><strong>In</strong></span> <span class='ocrx_word' id='word_1_60' title='bbox 865 398 967 428; x_wconf 88' lang='lat' dir='ltr'><strong>medio</strong></span> <span class='ocrx_word' id='word_1_61' title='bbox 978 398 1042 427; x_wconf 88' lang='lat' dir='ltr'><strong>alti—</strong></span> 
     </span>
     <span class='ocr_line' id='line_1_9' title="bbox 46 441 1042 478; baseline -0.004 -6"><span class='ocrx_word' id='word_1_62' title='bbox 46 441 159 473; x_wconf 87' lang='lat' dir='ltr'><strong>tudinis</strong></span> <span class='ocrx_word' id='word_1_63' title='bbox 173 441 274 478; x_wconf 80' lang='lat' dir='ltr'><strong>spatio</strong></span> <span class='ocrx_word' id='word_1_64' title='bbox 290 441 381 470; x_wconf 83' lang='lat' dir='ltr'><strong>habet</strong></span> <span class='ocrx_word' id='word_1_65' title='bbox 396 449 538 478; x_wconf 84' lang='lat' dir='ltr'><strong>specum,</strong></span> <span class='ocrx_word' id='word_1_66' title='bbox 562 441 649 470; x_wconf 88' lang='lat' dir='ltr'><strong>cuius</strong></span> <span class='ocrx_word' id='word_1_67' title='bbox 666 449 702 470; x_wconf 93' lang='lat' dir='ltr'><strong>os</strong></span> <span class='ocrx_word' id='word_1_68' title='bbox 719 446 816 471; x_wconf 79' lang='lat' dir='ltr'><strong>artum</strong></span> <span class='ocrx_word' id='word_1_69' title='bbox 833 446 862 470; x_wconf 95' lang='lat' dir='ltr'><strong>et</strong></span> <span class='ocrx_word' id='word_1_70' title='bbox 878 441 1042 470; x_wconf 88' lang='lat' dir='ltr'><strong>obscurum</strong></span> 
     </span>
     <span class='ocr_line' id='line_1_10' title="bbox 46 482 1043 521; baseline -0.004 -7"><span class='ocrx_word' id='word_1_71' title='bbox 46 488 106 514; x_wconf 83' lang='lat' dir='ltr'><strong>est:</strong></span> <span class='ocrx_word' id='word_1_72' title='bbox 127 483 270 521; x_wconf 79' lang='lat' dir='ltr'><strong>paulatim</strong></span> <span class='ocrx_word' id='word_1_73' title='bbox 284 483 394 512; x_wconf 90' lang='lat' dir='ltr'><strong>deinde</strong></span> <span class='ocrx_word' id='word_1_74' title='bbox 408 483 550 512; x_wconf 79' lang='lat' dir='ltr'><strong>ulteriora</strong></span> <span class='ocrx_word' id='word_1_75' title='bbox 560 484 741 519; x_wconf 83' lang='lat' dir='ltr'><strong>panduntur,</strong></span> <span class='ocrx_word' id='word_1_76' title='bbox 755 483 858 512; x_wconf 84' lang='lat' dir='ltr'><strong>ultima</strong></span> <span class='ocrx_word' id='word_1_77' title='bbox 866 482 955 512; x_wconf 79' lang='lat' dir='ltr'><strong>etiarn</strong></span> <span class='ocrx_word' id='word_1_78' title='bbox 964 484 1043 511; x_wconf 88' lang='lat' dir='ltr'><strong>altos</strong></span> 
     </span>
     <span class='ocr_line' id='line_1_11' title="bbox 45 525 1041 562; baseline -0.002 -7"><span class='ocrx_word' id='word_1_79' title='bbox 45 533 189 556; x_wconf 86' lang='lat' dir='ltr'><strong>recessus</strong></span> <span class='ocrx_word' id='word_1_80' title='bbox 206 525 325 554; x_wconf 78' lang='lat' dir='ltr'><strong>liabent.</strong></span> <span class='ocrx_word' id='word_1_81' title='bbox 361 525 473 554; x_wconf 85' lang='lat' dir='ltr'><strong>Fontes</strong></span> <span class='ocrx_word' id='word_1_82' title='bbox 495 533 551 562; x_wconf 87' lang='lat' dir='ltr'><strong>per</strong></span> <span class='ocrx_word' id='word_1_83' title='bbox 572 529 666 554; x_wconf 86' lang='lat' dir='ltr'><strong>totum</strong></span> <span class='ocrx_word' id='word_1_84' title='bbox 686 525 748 554; x_wconf 80' lang='lat' dir='ltr'><strong>sere</strong></span> <span class='ocrx_word' id='word_1_85' title='bbox 765 533 893 561; x_wconf 84' lang='lat' dir='ltr'><strong>specum</strong></span> <span class='ocrx_word' id='word_1_86' title='bbox 909 529 1041 558; x_wconf 81' lang='lat' dir='ltr'><strong>manant,</strong></span> 
     </span>
     <span class='ocr_line' id='line_1_12' title="bbox 46 566 1043 605; baseline -0.004 -7"><span class='ocrx_word' id='word_1_87' title='bbox 46 576 63 598; x_wconf 86' lang='lat' dir='ltr'><strong>e</strong></span> <span class='ocrx_word' id='word_1_88' title='bbox 80 568 190 605; x_wconf 87' lang='lat' dir='ltr'><strong>quibus</strong></span> <span class='ocrx_word' id='word_1_89' title='bbox 209 568 337 597; x_wconf 83' lang='lat' dir='ltr'><strong>collatae</strong></span> <span class='ocrx_word' id='word_1_90' title='bbox 355 575 455 604; x_wconf 81' lang='lat' dir='ltr'><strong>aquae</strong></span> <span class='ocrx_word' id='word_1_91' title='bbox 469 575 524 604; x_wconf 89' lang='lat' dir='ltr'><strong>per</strong></span> <span class='ocrx_word' id='word_1_92' title='bbox 536 575 633 604; x_wconf 83' lang='lat' dir='ltr'><strong>prona</strong></span> <span class='ocrx_word' id='word_1_93' title='bbox 645 567 756 596; x_wconf 85' lang='lat' dir='ltr'><strong>montis</strong></span> <span class='ocrx_word' id='word_1_94' title='bbox 770 566 882 596; x_wconf 81' lang='lat' dir='ltr'><strong>flumen</strong></span> <span class='ocrx_word' id='word_1_95' title='bbox 896 566 1043 596; x_wconf 86' lang='lat' dir='ltr'><strong>emittunt.</strong></span> 
     </span>
     <span class='ocr_line' id='line_1_13' title="bbox 23 607 1042 646; baseline -0.003 -7"><span class='ocrx_word' id='word_1_96' title='bbox 23 610 129 645; x_wconf 81' lang='lat' dir='ltr'><strong>4Rex,</strong></span> <span class='ocrx_word' id='word_1_97' title='bbox 143 610 201 639; x_wconf 86' lang='lat' dir='ltr'><strong>loci</strong></span> <span class='ocrx_word' id='word_1_98' title='bbox 215 609 392 639; x_wconf 78' lang='lat' dir='ltr'><strong>difficultate</strong></span> <span class='ocrx_word' id='word_1_99' title='bbox 403 613 555 646; x_wconf 82' lang='lat' dir='ltr'><strong>spectata,</strong></span> <span class='ocrx_word' id='word_1_100' title='bbox 571 613 718 638; x_wconf 84' lang='lat' dir='ltr'><strong>statuerat</strong></span> <span class='ocrx_word' id='word_1_101' title='bbox 730 609 801 638; x_wconf 92' lang='lat' dir='ltr'><strong>inde</strong></span> <span class='ocrx_word' id='word_1_102' title='bbox 813 608 912 638; x_wconf 81' lang='lat' dir='ltr'><strong>abire:</strong></span> <span class='ocrx_word' id='word_1_103' title='bbox 929 607 1042 644; x_wconf 86' lang='lat' dir='ltr'><strong>cupido</strong></span> 
     </span>
     <span class='ocr_line' id='line_1_14' title="bbox 25 650 1042 688; baseline -0.004 -6"><span class='ocrx_word' id='word_1_104' title='bbox 25 651 161 683; x_wconf 84' lang='lat' dir='ltr'><strong>5deinde</strong></span> <span class='ocrx_word' id='word_1_105' title='bbox 183 651 310 681; x_wconf 87' lang='lat' dir='ltr'><strong>incessit</strong></span> <span class='ocrx_word' id='word_1_106' title='bbox 330 651 430 680; x_wconf 86' lang='lat' dir='ltr'><strong>animo</strong></span> <span class='ocrx_word' id='word_1_107' title='bbox 453 655 589 680; x_wconf 78' lang='lat' dir='ltr'><strong>naturam</strong></span> <span class='ocrx_word' id='word_1_108' title='bbox 615 659 739 688; x_wconf 84' lang='lat' dir='ltr'><strong>quoque</strong></span> <span class='ocrx_word' id='word_1_109' title='bbox 762 651 915 687; x_wconf 71' lang='lat' dir='ltr'><strong>fatigandi.</strong></span> <span class='ocrx_word' id='word_1_110' title='bbox 956 650 1042 678; x_wconf 84' lang='lat' dir='ltr'><strong>Prius</strong></span> 
     </span>
     <span class='ocr_line' id='line_1_15' title="bbox 47 692 1044 730; baseline -0.003 -8"><span class='ocrx_word' id='word_1_111' title='bbox 47 698 147 723; x_wconf 75' lang='lat' dir='ltr'><strong>tamen</strong></span> <span class='ocrx_word' id='word_1_112' title='bbox 164 702 252 730; x_wconf 84' lang='lat' dir='ltr'><strong>quam</strong></span> <span class='ocrx_word' id='word_1_113' title='bbox 268 694 418 723; x_wconf 77' lang='lat' dir='ltr'><strong>fortunam</strong></span> <span class='ocrx_word' id='word_1_114' title='bbox 432 693 603 722; x_wconf 86' lang='lat' dir='ltr'><strong>obsidionis</strong></span> <span class='ocrx_word' id='word_1_115' title='bbox 616 693 821 729; x_wconf 81' lang='lat' dir='ltr'><strong>experiretur,</strong></span> <span class='ocrx_word' id='word_1_116' title='bbox 841 692 965 729; x_wconf 85' lang='lat' dir='ltr'><strong>Cophen</strong></span> <span class='ocrx_word' id='word_1_117' title='bbox 974 693 1044 726; x_wconf 88' lang='lat' dir='ltr'><strong>(Ar-</strong></span> 
     </span>
     <span class='ocr_line' id='line_1_16' title="bbox 48 734 1040 771; baseline -0.003 -6"><span class='ocrx_word' id='word_1_118' title='bbox 48 736 147 765; x_wconf 67' lang='lat' dir='ltr'><strong>tabfizi</strong></span> <span class='ocrx_word' id='word_1_119' title='bbox 160 735 209 764; x_wconf 80' lang='lat' dir='ltr'><strong>liic</strong></span> <span class='ocrx_word' id='word_1_120' title='bbox 222 735 301 764; x_wconf 87' lang='lat' dir='ltr'><strong>filius</strong></span> <span class='ocrx_word' id='word_1_121' title='bbox 313 739 390 769; x_wconf 80' lang='lat' dir='ltr'><strong>erat)</strong></span> <span class='ocrx_word' id='word_1_122' title='bbox 404 734 531 764; x_wconf 83' lang='lat' dir='ltr'><strong>misitad</strong></span> <span class='ocrx_word' id='word_1_123' title='bbox 540 735 698 769; x_wconf 81' lang='lat' dir='ltr'><strong>barbaros,</strong></span> <span class='ocrx_word' id='word_1_124' title='bbox 720 734 771 771; x_wconf 88' lang='lat' dir='ltr'><strong>qui</strong></span> <span class='ocrx_word' id='word_1_125' title='bbox 786 735 938 769; x_wconf 81' lang='lat' dir='ltr'><strong>suaderet,</strong></span> <span class='ocrx_word' id='word_1_126' title='bbox 954 734 1040 763; x_wconf 88' lang='lat' dir='ltr'><strong>utde·</strong></span> 
     </span>
     <span class='ocr_line' id='line_1_17' title="bbox 48 777 1039 814; baseline -0.001 -8"><span class='ocrx_word' id='word_1_127' title='bbox 48 777 155 807; x_wconf 87' lang='lat' dir='ltr'><strong>derent</strong></span> <span class='ocrx_word' id='word_1_128' title='bbox 169 785 285 814; x_wconf 87' lang='lat' dir='ltr'><strong>rupem.</strong></span> <span class='ocrx_word' id='word_1_129' title='bbox 306 777 464 806; x_wconf 60' lang='lat' dir='ltr'><strong>Arimazes</strong></span> <span class='ocrx_word' id='word_1_130' title='bbox 479 777 547 806; x_wconf 86' lang='lat' dir='ltr'><strong>loco</strong></span> <span class='ocrx_word' id='word_1_131' title='bbox 562 777 656 806; x_wconf 80' lang='lat' dir='ltr'><strong>fretus</strong></span> <span class='ocrx_word' id='word_1_132' title='bbox 668 777 801 813; x_wconf 87' lang='lat' dir='ltr'><strong>superbe</strong></span> <span class='ocrx_word' id='word_1_133' title='bbox 810 777 902 805; x_wconf 85' lang='lat' dir='ltr'><strong>multa</strong></span> <span class='ocrx_word' id='word_1_134' title='bbox 913 783 1039 812; x_wconf 87' lang='lat' dir='ltr'><strong>respon-</strong></span> 
     </span>
     <span class='ocr_line' id='line_1_18' title="bbox 49 818 1042 855; baseline -0.002 -7"><span class='ocrx_word' id='word_1_135' title='bbox 49 818 99 855; x_wconf 87' lang='lat' dir='ltr'><strong>dit,</strong></span> <span class='ocrx_word' id='word_1_136' title='bbox 119 820 158 848; x_wconf 83' lang='lat' dir='ltr'><strong>ad</strong></span> <span class='ocrx_word' id='word_1_137' title='bbox 172 818 317 854; x_wconf 88' lang='lat' dir='ltr'><strong>ultimum,</strong></span> <span class='ocrx_word' id='word_1_138' title='bbox 336 827 374 847; x_wconf 77' lang='lat' dir='ltr'><strong>an</strong></span> <span class='ocrx_word' id='word_1_139' title='bbox 382 819 559 848; x_wconf 80' lang='lat' dir='ltr'><strong>Alexander</strong></span> <span class='ocrx_word' id='word_1_140' title='bbox 566 818 656 847; x_wconf 78' lang='lat' dir='ltr'><strong>etiam</strong></span> <span class='ocrx_word' id='word_1_141' title='bbox 669 819 774 848; x_wconf 83' lang='lat' dir='ltr'><strong>volare</strong></span> <span class='ocrx_word' id='word_1_142' title='bbox 787 822 903 854; x_wconf 88' lang='lat' dir='ltr'><strong>posset,</strong></span> <span class='ocrx_word' id='word_1_143' title='bbox 916 818 1042 847; x_wconf 89' lang='lat' dir='ltr'><strong>interro-</strong></span> 
     </span>
    </p>

    <p class='ocr_par' dir='ltr' id='par_1_6' title="bbox 23 857 1040 1022">
     <span class='ocr_line' id='line_1_19' title="bbox 23 857 1040 897; baseline -0.004 -7"><span class='ocrx_word' id='word_1_144' title='bbox 23 863 40 890; x_wconf 88' lang='lat'><strong>6</strong></span> <span class='ocrx_word' id='word_1_145' title='bbox 50 864 108 897; x_wconf 79' lang='lat' dir='ltr'><strong>gat.</strong></span> <span class='ocrx_word' id='word_1_146' title='bbox 124 859 207 896; x_wconf 81' lang='lat' dir='ltr'><strong>Quae</strong></span> <span class='ocrx_word' id='word_1_147' title='bbox 219 858 354 889; x_wconf 80' lang='lat' dir='ltr'><strong>nuntiata</strong></span> <span class='ocrx_word' id='word_1_148' title='bbox 365 858 429 895; x_wconf 83' lang='lat' dir='ltr'><strong>regi</strong></span> <span class='ocrx_word' id='word_1_149' title='bbox 443 858 486 888; x_wconf 85' lang='lat' dir='ltr'><strong>sic</strong></span> <span class='ocrx_word' id='word_1_150' title='bbox 499 858 668 887; x_wconf 75' lang='lat' dir='ltr'><strong>accendere</strong></span> <span class='ocrx_word' id='word_1_151' title='bbox 682 857 824 892; x_wconf 78' lang='lat' dir='ltr'><strong>animum,</strong></span> <span class='ocrx_word' id='word_1_152' title='bbox 840 862 872 886; x_wconf 89' lang='lat' dir='ltr'><strong>ut</strong></span> <span class='ocrx_word' id='word_1_153' title='bbox 888 857 1040 892; x_wconf 81' lang='lat' dir='ltr'><strong>adhibitis,</strong></span> 
     </span>
     <span class='ocr_line' id='line_1_20' title="bbox 52 899 1040 938; baseline -0.004 -7"><span class='ocrx_word' id='word_1_154' title='bbox 52 910 119 932; x_wconf 73' lang='lat' dir='ltr'><strong>cuni</strong></span> <span class='ocrx_word' id='word_1_155' title='bbox 136 901 246 938; x_wconf 87' lang='lat' dir='ltr'><strong>quibus</strong></span> <span class='ocrx_word' id='word_1_156' title='bbox 263 901 436 930; x_wconf 81' lang='lat' dir='ltr'><strong>consultare</strong></span> <span class='ocrx_word' id='word_1_157' title='bbox 452 904 516 929; x_wconf 78' lang='lat' dir='ltr'><strong>erat</strong></span> <span class='ocrx_word' id='word_1_158' title='bbox 535 899 657 934; x_wconf 88' lang='lat' dir='ltr'><strong>solitus,</strong></span> <span class='ocrx_word' id='word_1_159' title='bbox 681 899 829 928; x_wconf 81' lang='lat' dir='ltr'><strong>indicaret</strong></span> <span class='ocrx_word' id='word_1_160' title='bbox 850 899 1040 928; x_wconf 77' lang='lat' dir='ltr'><strong>insolentiam</strong></span> 
     </span>
     <span class='ocr_line' id='line_1_21' title="bbox 51 940 1040 979; baseline -0.004 -6"><span class='ocrx_word' id='word_1_161' title='bbox 51 943 180 979; x_wconf 83' lang='lat' dir='ltr'><strong>barbari,</strong></span> <span class='ocrx_word' id='word_1_162' title='bbox 193 943 341 972; x_wconf 88' lang='lat' dir='ltr'><strong>eludentis</strong></span> <span class='ocrx_word' id='word_1_163' title='bbox 355 942 450 979; x_wconf 90' lang='lat' dir='ltr'><strong>ipsos,</strong></span> <span class='ocrx_word' id='word_1_164' title='bbox 469 941 539 978; x_wconf 76' lang='lat' dir='ltr'><strong>quia</strong></span> <span class='ocrx_word' id='word_1_165' title='bbox 554 941 664 978; x_wconf 84' lang='lat' dir='ltr'><strong>pinnas</strong></span> <span class='ocrx_word' id='word_1_166' title='bbox 681 949 740 970; x_wconf 87' lang='lat' dir='ltr'><strong>non</strong></span> <span class='ocrx_word' id='word_1_167' title='bbox 756 941 911 970; x_wconf 83' lang='lat' dir='ltr'><strong>haberent.</strong></span> <span class='ocrx_word' id='word_1_168' title='bbox 936 940 976 969; x_wconf 86' lang='lat' dir='ltr'><strong>Se</strong></span> <span class='ocrx_word' id='word_1_169' title='bbox 988 948 1040 969; x_wconf 86' lang='lat' dir='ltr'><strong>au-</strong></span> 
     </span>
     <span class='ocr_line' id='line_1_22' title="bbox 52 982 1040 1022; baseline -0.004 -8"><span class='ocrx_word' id='word_1_170' title='bbox 52 989 111 1014; x_wconf 83' lang='lat' dir='ltr'><strong>tem</strong></span> <span class='ocrx_word' id='word_1_171' title='bbox 133 985 272 1022; x_wconf 83' lang='lat' dir='ltr'><strong>proxima</strong></span> <span class='ocrx_word' id='word_1_172' title='bbox 293 989 382 1014; x_wconf 89' lang='lat' dir='ltr'><strong>nocte</strong></span> <span class='ocrx_word' id='word_1_173' title='bbox 405 983 599 1018; x_wconf 81' lang='lat' dir='ltr'><strong>effecturum,</strong></span> <span class='ocrx_word' id='word_1_174' title='bbox 625 987 658 1012; x_wconf 84' lang='lat' dir='ltr'><strong>ut</strong></span> <span class='ocrx_word' id='word_1_175' title='bbox 681 983 834 1017; x_wconf 80' lang='lat' dir='ltr'><strong>crederet,</strong></span> <span class='ocrx_word' id='word_1_176' title='bbox 855 982 1040 1011; x_wconf 70' lang='lat' dir='ltr'><strong>Macedones</strong></span> 
     </span>
    </p>

    <p class='ocr_par' dir='ltr' id='par_1_7' title="bbox 24 1024 1041 1106">
     <span class='ocr_line' id='line_1_23' title="bbox 24 1024 1038 1062; baseline -0.004 -6"><span class='ocrx_word' id='word_1_177' title='bbox 24 1029 40 1058; x_wconf 83' lang='grc'><em>1</em></span> <span class='ocrx_word' id='word_1_178' title='bbox 51 1027 140 1056; x_wconf 77' lang='lat' dir='ltr'><strong>ctiam</strong></span> <span class='ocrx_word' id='word_1_179' title='bbox 157 1027 269 1056; x_wconf 80' lang='lat' dir='ltr'><strong>volare.</strong></span> <span class='ocrx_word' id='word_1_180' title='bbox 316 1026 484 1060; x_wconf 76' lang='lat' dir='ltr'><strong>Trecentos,</strong></span> <span class='ocrx_word' id='word_1_181' title='bbox 507 1024 618 1061; x_wconf 79' lang='lat' dir='ltr'><strong>inquit,</strong></span> <span class='ocrx_word' id='word_1_182' title='bbox 637 1026 856 1062; x_wconf 74' lang='lat' dir='ltr'><strong>pernicissimos</strong></span> <span class='ocrx_word' id='word_1_183' title='bbox 873 1026 989 1053; x_wconf 78' lang='lat' dir='ltr'><strong>iuvenes</strong></span> <span class='ocrx_word' id='word_1_184' title='bbox 1001 1032 1038 1052; x_wconf 70' lang='lat' dir='ltr'><strong>ea,</strong></span> 
     </span>
     <span class='ocr_line' id='line_1_24' title="bbox 49 1067 1041 1106; baseline -0.004 -8"><span class='ocrx_word' id='word_1_185' title='bbox 49 1070 109 1098; x_wconf 78' lang='lat' dir='ltr'><strong>suis</strong></span> <span class='ocrx_word' id='word_1_186' title='bbox 125 1071 246 1106; x_wconf 75' lang='lat' dir='ltr'><strong>quisque</strong></span> <span class='ocrx_word' id='word_1_187' title='bbox 264 1070 356 1104; x_wconf 76' lang='lat' dir='ltr'><strong>copiis</strong></span> <span class='ocrx_word' id='word_1_188' title='bbox 370 1068 526 1104; x_wconf 78' lang='lat' dir='ltr'><strong>perducite</strong></span> <span class='ocrx_word' id='word_1_189' title='bbox 540 1067 582 1096; x_wconf 81' lang='lat' dir='ltr'><strong>ad</strong></span> <span class='ocrx_word' id='word_1_190' title='bbox 591 1075 650 1101; x_wconf 76' lang='lat' dir='ltr'><strong>me,</strong></span> <span class='ocrx_word' id='word_1_191' title='bbox 673 1068 788 1103; x_wconf 77' lang='lat' dir='ltr'><strong>qviper</strong></span> <span class='ocrx_word' id='word_1_192' title='bbox 803 1067 894 1095; x_wconf 74' lang='lat' dir='ltr'><strong>calles</strong></span> <span class='ocrx_word' id='word_1_193' title='bbox 908 1069 936 1094; x_wconf 83' lang='lat' dir='ltr'><strong>et</strong></span> <span class='ocrx_word' id='word_1_194' title='bbox 944 1074 1041 1102; x_wconf 78' lang='lat' dir='ltr'><strong>paene</strong></span> 
     </span>
    </p>

    <p class='ocr_par' dir='ltr' id='par_1_8' title="bbox 22 1107 1039 1352">
     <span class='ocr_line' id='line_1_25' title="bbox 22 1107 1038 1147; baseline -0.006 -7"><span class='ocrx_word' id='word_1_195' title='bbox 22 1111 143 1140; x_wconf 76' lang='lat' dir='ltr'><strong>Binm&#39;as</strong></span> <span class='ocrx_word' id='word_1_196' title='bbox 153 1119 243 1147; x_wconf 82' lang='lat' dir='ltr'><strong>rupes</strong></span> <span class='ocrx_word' id='word_1_197' title='bbox 259 1110 337 1139; x_wconf 83' lang='lat' dir='ltr'><strong>domi</strong></span> <span class='ocrx_word' id='word_1_198' title='bbox 345 1117 458 1146; x_wconf 79' lang='lat' dir='ltr'><strong>pecora</strong></span> <span class='ocrx_word' id='word_1_199' title='bbox 474 1117 564 1145; x_wconf 64' lang='lat' dir='ltr'><strong>affere</strong></span> <span class='ocrx_word' id='word_1_200' title='bbox 575 1112 795 1138; x_wconf 79' lang='lat' dir='ltr'><strong>consueverant.</strong></span> <span class='ocrx_word' id='word_1_201' title='bbox 821 1107 863 1136; x_wconf 93' lang='lat' dir='ltr'><strong>Illi</strong></span> <span class='ocrx_word' id='word_1_202' title='bbox 880 1111 1038 1143; x_wconf 80' lang='lat' dir='ltr'><strong>praestan—</strong></span> 
     </span>
     <span class='ocr_line' id='line_1_26' title="bbox 50 1149 1035 1188; baseline -0.004 -7"><span class='ocrx_word' id='word_1_203' title='bbox 50 1156 96 1182; x_wconf 87' lang='lat' dir='ltr'><strong>tes</strong></span> <span class='ocrx_word' id='word_1_204' title='bbox 117 1156 146 1181; x_wconf 91' lang='lat' dir='ltr'><strong>et</strong></span> <span class='ocrx_word' id='word_1_205' title='bbox 166 1151 287 1181; x_wconf 83' lang='lat' dir='ltr'><strong>levitate</strong></span> <span class='ocrx_word' id='word_1_206' title='bbox 309 1159 471 1188; x_wconf 86' lang='lat' dir='ltr'><strong>corporum</strong></span> <span class='ocrx_word' id='word_1_207' title='bbox 494 1155 523 1180; x_wconf 90' lang='lat' dir='ltr'><strong>et</strong></span> <span class='ocrx_word' id='word_1_208' title='bbox 537 1150 647 1179; x_wconf 81' lang='lat' dir='ltr'><strong>ardore</strong></span> <span class='ocrx_word' id='word_1_209' title='bbox 662 1149 831 1178; x_wconf 83' lang='lat' dir='ltr'><strong>animorum</strong></span> <span class='ocrx_word' id='word_1_210' title='bbox 848 1153 970 1178; x_wconf 83' lang='lat' dir='ltr'><strong>strenue</strong></span> <span class='ocrx_word' id='word_1_211' title='bbox 986 1149 1035 1177; x_wconf 85' lang='lat' dir='ltr'><strong>ad—</strong></span> 
     </span>
     <span class='ocr_line' id='line_1_27' title="bbox 50 1191 1039 1230; baseline -0.005 -7"><span class='ocrx_word' id='word_1_212' title='bbox 50 1193 177 1223; x_wconf 88' lang='lat' dir='ltr'><strong>ducunt:</strong></span> <span class='ocrx_word' id='word_1_213' title='bbox 205 1201 282 1230; x_wconf 88' lang='lat' dir='ltr'><strong>quos</strong></span> <span class='ocrx_word' id='word_1_214' title='bbox 305 1192 425 1222; x_wconf 85' lang='lat' dir='ltr'><strong>intuens</strong></span> <span class='ocrx_word' id='word_1_215' title='bbox 441 1201 509 1227; x_wconf 86' lang='lat' dir='ltr'><strong>rex,</strong></span> <span class='ocrx_word' id='word_1_216' title='bbox 534 1193 698 1227; x_wconf 69' lang='lat' dir='ltr'><strong>Vobiscum,</strong></span> <span class='ocrx_word' id='word_1_217' title='bbox 721 1191 835 1227; x_wconf 78' lang='lat' dir='ltr'><strong>inquit,</strong></span> <span class='ocrx_word' id='word_1_218' title='bbox 857 1192 1001 1220; x_wconf 80' lang='lat' dir='ltr'><strong>oiuvenes</strong></span> <span class='ocrx_word' id='word_1_219' title='bbox 1012 1198 1039 1219; x_wconf 79' lang='lat' dir='ltr'><strong>et</strong></span> 
     </span>
     <span class='ocr_line' id='line_1_28' title="bbox 49 1235 1038 1272; baseline -0.005 -7"><span class='ocrx_word' id='word_1_220' title='bbox 49 1237 106 1265; x_wconf 84' lang='lat' dir='ltr'><strong>mei</strong></span> <span class='ocrx_word' id='word_1_221' title='bbox 115 1236 261 1272; x_wconf 75' lang='lat' dir='ltr'><strong>aequales,</strong></span> <span class='ocrx_word' id='word_1_222' title='bbox 273 1235 388 1264; x_wconf 79' lang='lat' dir='ltr'><strong>urbium</strong></span> <span class='ocrx_word' id='word_1_223' title='bbox 395 1236 570 1264; x_wconf 78' lang='lat' dir='ltr'><strong>invictarum</strong></span> <span class='ocrx_word' id='word_1_224' title='bbox 582 1238 650 1263; x_wconf 81' lang='lat' dir='ltr'><strong>ante</strong></span> <span class='ocrx_word' id='word_1_225' title='bbox 661 1242 706 1263; x_wconf 88' lang='lat' dir='ltr'><strong>me</strong></span> <span class='ocrx_word' id='word_1_226' title='bbox 718 1235 896 1262; x_wconf 76' lang='lat' dir='ltr'><strong>munimenta</strong></span> <span class='ocrx_word' id='word_1_227' title='bbox 908 1240 1038 1268; x_wconf 83' lang='lat' dir='ltr'><strong>supera—</strong></span> 
     </span>
     <span class='ocr_line' id='line_1_29' title="bbox 49 1277 1037 1313; baseline -0.005 -6"><span class='ocrx_word' id='word_1_228' title='bbox 49 1278 91 1312; x_wconf 83' lang='lat' dir='ltr'><strong>vi,</strong></span> <span class='ocrx_word' id='word_1_229' title='bbox 108 1279 246 1307; x_wconf 80' lang='lat' dir='ltr'><strong>montium</strong></span> <span class='ocrx_word' id='word_1_230' title='bbox 264 1278 335 1313; x_wconf 62' lang='grc' dir='ltr'><strong>ἴαμα</strong></span> <span class='ocrx_word' id='word_1_231' title='bbox 347 1278 478 1313; x_wconf 83' lang='lat' dir='ltr'><strong>perenni</strong></span> <span class='ocrx_word' id='word_1_232' title='bbox 493 1278 559 1305; x_wconf 83' lang='lat' dir='ltr'><strong>nive</strong></span> <span class='ocrx_word' id='word_1_233' title='bbox 576 1277 679 1305; x_wconf 79' lang='lat' dir='ltr'><strong>obruta</strong></span> <span class='ocrx_word' id='word_1_234' title='bbox 691 1283 823 1305; x_wconf 83' lang='lat' dir='ltr'><strong>emensus</strong></span> <span class='ocrx_word' id='word_1_235' title='bbox 834 1283 914 1309; x_wconf 82' lang='lat' dir='ltr'><strong>sum,</strong></span> <span class='ocrx_word' id='word_1_236' title='bbox 936 1282 1037 1310; x_wconf 72' lang='lat' dir='ltr'><strong>anqu—</strong></span> 
     </span>
     <span class='ocr_line' id='line_1_30' title="bbox 49 1317 1037 1352; baseline -0.004 -4"><span class='ocrx_word' id='word_1_237' title='bbox 49 1320 120 1348; x_wconf 83' lang='lat' dir='ltr'><strong>stias</strong></span> <span class='ocrx_word' id='word_1_238' title='bbox 133 1319 251 1348; x_wconf 78' lang='lat' dir='ltr'><strong>Ciliciae</strong></span> <span class='ocrx_word' id='word_1_239' title='bbox 262 1319 378 1352; x_wconf 81' lang='lat' dir='ltr'><strong>intravi,</strong></span> <span class='ocrx_word' id='word_1_240' title='bbox 393 1318 501 1347; x_wconf 77' lang='lat' dir='ltr'><strong>Indiae</strong></span> <span class='ocrx_word' id='word_1_241' title='bbox 512 1320 575 1347; x_wconf 77' lang='lat' dir='ltr'><strong>sine</strong></span> <span class='ocrx_word' id='word_1_242' title='bbox 586 1318 759 1347; x_wconf 73' lang='lat' dir='ltr'><strong>lassitudine</strong></span> <span class='ocrx_word' id='word_1_243' title='bbox 770 1319 827 1346; x_wconf 81' lang='lat' dir='ltr'><strong>vim</strong></span> <span class='ocrx_word' id='word_1_244' title='bbox 835 1317 963 1352; x_wconf 60' lang='lat' dir='ltr'><strong>frigoris</strong></span> <span class='ocrx_word' id='word_1_245' title='bbox 974 1324 1037 1344; x_wconf 78' lang='lat' dir='ltr'><strong>sum</strong></span> 
     </span>
    </p>

    <p class='ocr_par' dir='ltr' id='par_1_9' title="bbox 22 1358 1036 1479">
     <span class='ocr_line' id='line_1_31' title="bbox 22 1358 1036 1397; baseline -0.005 -7"><span class='ocrx_word' id='word_1_246' title='bbox 22 1363 39 1390; x_wconf 85' lang='lat'><strong>9</strong></span> <span class='ocrx_word' id='word_1_247' title='bbox 46 1368 212 1397; x_wconf 83' lang='lat' dir='ltr'><strong>perpessus.</strong></span> <span class='ocrx_word' id='word_1_248' title='bbox 236 1361 275 1389; x_wconf 88' lang='lat' dir='ltr'><strong>Et</strong></span> <span class='ocrx_word' id='word_1_249' title='bbox 285 1362 342 1389; x_wconf 83' lang='lat' dir='ltr'><strong>mei</strong></span> <span class='ocrx_word' id='word_1_250' title='bbox 351 1361 523 1389; x_wconf 77' lang='lat' dir='ltr'><strong>documenta</strong></span> <span class='ocrx_word' id='word_1_251' title='bbox 536 1360 613 1388; x_wconf 78' lang='lat' dir='ltr'><strong>vobis</strong></span> <span class='ocrx_word' id='word_1_252' title='bbox 625 1360 695 1388; x_wconf 68' lang='lat' dir='ltr'><strong>dedi</strong></span> <span class='ocrx_word' id='word_1_253' title='bbox 707 1363 734 1389; x_wconf 84' lang='lat' dir='ltr'><strong>et</strong></span> <span class='ocrx_word' id='word_1_254' title='bbox 744 1363 840 1388; x_wconf 83' lang='lat' dir='ltr'><strong>vestra</strong></span> <span class='ocrx_word' id='word_1_255' title='bbox 852 1359 952 1387; x_wconf 76' lang='lat' dir='ltr'><strong>habeo.</strong></span> <span class='ocrx_word' id='word_1_256' title='bbox 978 1358 1036 1386; x_wconf 85' lang='lat' dir='ltr'><strong>Pe-</strong></span> 
     </span>
     <span class='ocr_line' id='line_1_32' title="bbox 50 1399 1032 1439; baseline -0.004 -8"><span class='ocrx_word' id='word_1_257' title='bbox 50 1405 111 1436; x_wconf 82' lang='lat' dir='ltr'><strong>tra,</strong></span> <span class='ocrx_word' id='word_1_258' title='bbox 130 1410 217 1439; x_wconf 81' lang='lat' dir='ltr'><strong>quam</strong></span> <span class='ocrx_word' id='word_1_259' title='bbox 234 1402 348 1436; x_wconf 77' lang='lat' dir='ltr'><strong>videtis,</strong></span> <span class='ocrx_word' id='word_1_260' title='bbox 366 1410 456 1430; x_wconf 79' lang='lat' dir='ltr'><strong>unum</strong></span> <span class='ocrx_word' id='word_1_261' title='bbox 475 1402 585 1430; x_wconf 76' lang='lat' dir='ltr'><strong>aditum</strong></span> <span class='ocrx_word' id='word_1_262' title='bbox 603 1402 702 1436; x_wconf 79' lang='lat' dir='ltr'><strong>habet,</strong></span> <span class='ocrx_word' id='word_1_263' title='bbox 723 1409 807 1437; x_wconf 80' lang='lat' dir='ltr'><strong>quem</strong></span> <span class='ocrx_word' id='word_1_264' title='bbox 825 1401 948 1429; x_wconf 81' lang='lat' dir='ltr'><strong>barbari</strong></span> <span class='ocrx_word' id='word_1_265' title='bbox 957 1399 1032 1428; x_wconf 78' lang='lat' dir='ltr'><strong>obsi-</strong></span> 
     </span>
     <span class='ocr_line' id='line_1_33' title="bbox 51 1443 1036 1479; baseline -0.004 -7"><span class='ocrx_word' id='word_1_266' title='bbox 51 1444 120 1472; x_wconf 83' lang='lat' dir='ltr'><strong>dent</strong></span> <span class='ocrx_word' id='word_1_267' title='bbox 127 1454 134 1472; x_wconf 92' lang='grc'><strong>.·</strong></span> <span class='ocrx_word' id='word_1_268' title='bbox 153 1447 250 1472; x_wconf 83' lang='lat' dir='ltr'><strong>cetera</strong></span> <span class='ocrx_word' id='word_1_269' title='bbox 261 1444 413 1478; x_wconf 71' lang='lat' dir='ltr'><strong>neqliyunt</strong></span> <span class='ocrx_word' id='word_1_270' title='bbox 420 1454 428 1471; x_wconf 85' lang='lat'><strong>.-</strong></span> <span class='ocrx_word' id='word_1_271' title='bbox 446 1444 546 1472; x_wconf 81' lang='lat' dir='ltr'><strong>nullae</strong></span> <span class='ocrx_word' id='word_1_272' title='bbox 558 1444 676 1479; x_wconf 69' lang='lat' dir='ltr'><strong>viqz&#39;liac</strong></span> <span class='ocrx_word' id='word_1_273' title='bbox 686 1446 767 1476; x_wconf 81' lang='lat' dir='ltr'><strong>sunt,</strong></span> <span class='ocrx_word' id='word_1_274' title='bbox 781 1443 839 1471; x_wconf 75' lang='lat' dir='ltr'><strong>nz&#39;se&#39;</strong></span> <span class='ocrx_word' id='word_1_275' title='bbox 849 1449 924 1478; x_wconf 82' lang='lat' dir='ltr'><strong>quae</strong></span> <span class='ocrx_word' id='word_1_276' title='bbox 936 1446 1036 1469; x_wconf 80' lang='lat' dir='ltr'><strong>castra</strong></span> 
     </span>
    </p>

    <p class='ocr_par' dir='ltr' id='par_1_10' title="bbox 26 1482 1037 1730">
     <span class='ocr_line' id='line_1_34' title="bbox 26 1482 1037 1521; baseline -0.004 -7"><span class='ocrx_word' id='word_1_277' title='bbox 26 1489 149 1515; x_wconf 82' lang='lat' dir='ltr'><strong>onostra</strong></span> <span class='ocrx_word' id='word_1_278' title='bbox 160 1488 301 1521; x_wconf 82' lang='lat' dir='ltr'><strong>spectant.</strong></span> <span class='ocrx_word' id='word_1_279' title='bbox 322 1485 479 1513; x_wconf 79' lang='lat' dir='ltr'><strong>Invenietis</strong></span> <span class='ocrx_word' id='word_1_280' title='bbox 497 1486 587 1519; x_wconf 74' lang='lat' dir='ltr'><strong>viam,</strong></span> <span class='ocrx_word' id='word_1_281' title='bbox 608 1485 636 1513; x_wconf 82' lang='lat' dir='ltr'><strong>si</strong></span> <span class='ocrx_word' id='word_1_282' title='bbox 654 1486 786 1513; x_wconf 82' lang='lat' dir='ltr'><strong>sollerter</strong></span> <span class='ocrx_word' id='word_1_283' title='bbox 801 1484 903 1512; x_wconf 71' lang='lat' dir='ltr'><strong>rimati</strong></span> <span class='ocrx_word' id='word_1_284' title='bbox 916 1482 1037 1518; x_wconf 72' lang='lat' dir='ltr'><strong>szoeritis</strong></span> 
     </span>
     <span class='ocr_line' id='line_1_35' title="bbox 49 1525 1035 1561; baseline -0.004 -6"><span class='ocrx_word' id='word_1_285' title='bbox 49 1527 148 1555; x_wconf 81' lang='lat' dir='ltr'><strong>aditus</strong></span> <span class='ocrx_word' id='word_1_286' title='bbox 157 1526 288 1561; x_wconf 85' lang='lat' dir='ltr'><strong>ferentes</strong></span> <span class='ocrx_word' id='word_1_287' title='bbox 301 1526 343 1554; x_wconf 79' lang='lat' dir='ltr'><strong>ad</strong></span> <span class='ocrx_word' id='word_1_288' title='bbox 353 1534 503 1555; x_wconf 73' lang='lat' dir='ltr'><strong>cacumen.</strong></span> <span class='ocrx_word' id='word_1_289' title='bbox 526 1526 607 1554; x_wconf 73' lang='lat' dir='ltr'><em>Nihil</em></span> <span class='ocrx_word' id='word_1_290' title='bbox 619 1530 677 1554; x_wconf 80' lang='lat' dir='ltr'><strong>tam</strong></span> <span class='ocrx_word' id='word_1_291' title='bbox 690 1527 748 1554; x_wconf 78' lang='lat' dir='ltr'><strong>alte</strong></span> <span class='ocrx_word' id='word_1_292' title='bbox 763 1528 872 1554; x_wconf 79' lang='lat' dir='ltr'><strong>natura</strong></span> <span class='ocrx_word' id='word_1_293' title='bbox 883 1525 1035 1553; x_wconf 67' lang='lat' dir='ltr'><strong>constituit.</strong></span> 
     </span>
     <span class='ocr_line' id='line_1_36' title="bbox 49 1567 1037 1604; baseline -0.004 -7"><span class='ocrx_word' id='word_1_294' title='bbox 49 1576 105 1604; x_wconf 79' lang='lat' dir='ltr'><strong>quo</strong></span> <span class='ocrx_word' id='word_1_295' title='bbox 117 1569 208 1597; x_wconf 82' lang='lat' dir='ltr'><strong>virtus</strong></span> <span class='ocrx_word' id='word_1_296' title='bbox 219 1576 277 1597; x_wconf 81' lang='lat' dir='ltr'><strong>non</strong></span> <span class='ocrx_word' id='word_1_297' title='bbox 283 1569 378 1604; x_wconf 77' lang='lat' dir='ltr'><strong>possit</strong></span> <span class='ocrx_word' id='word_1_298' title='bbox 388 1569 465 1596; x_wconf 78' lang='lat' dir='ltr'><strong>eniti.</strong></span> <span class='ocrx_word' id='word_1_299' title='bbox 486 1568 685 1604; x_wconf 68' lang='lat' dir='ltr'><strong>Expertendo,</strong></span> <span class='ocrx_word' id='word_1_300' title='bbox 703 1575 779 1603; x_wconf 80' lang='lat' dir='ltr'><strong>quae</strong></span> <span class='ocrx_word' id='word_1_301' title='bbox 790 1568 880 1595; x_wconf 79' lang='lat' dir='ltr'><strong>ceteri</strong></span> <span class='ocrx_word' id='word_1_302' title='bbox 890 1567 1037 1602; x_wconf 75' lang='lat' dir='ltr'><strong>despera-</strong></span> 
     </span>
     <span class='ocr_line' id='line_1_37' title="bbox 30 1609 1035 1646; baseline -0.004 -7"><span class='ocrx_word' id='word_1_303' title='bbox 30 1613 167 1646; x_wconf 84' lang='lat' dir='ltr'><strong>lverunt,</strong></span> <span class='ocrx_word' id='word_1_304' title='bbox 190 1609 290 1638; x_wconf 80' lang='lat' dir='ltr'><strong>Asiam</strong></span> <span class='ocrx_word' id='word_1_305' title='bbox 309 1610 447 1638; x_wconf 76' lang='lat' dir='ltr'><strong>habemus</strong></span> <span class='ocrx_word' id='word_1_306' title='bbox 467 1611 497 1638; x_wconf 73' lang='lat' dir='ltr'><strong>tn</strong></span> <span class='ocrx_word' id='word_1_307' title='bbox 515 1612 665 1646; x_wconf 78' lang='lat' dir='ltr'><strong>potestate.</strong></span> <span class='ocrx_word' id='word_1_308' title='bbox 707 1609 832 1637; x_wconf 76' lang='lat' dir='ltr'><strong>Evadite</strong></span> <span class='ocrx_word' id='word_1_309' title='bbox 843 1610 873 1637; x_wconf 79' lang='lat' dir='ltr'><strong>in</strong></span> <span class='ocrx_word' id='word_1_310' title='bbox 885 1615 1035 1639; x_wconf 75' lang='lat' dir='ltr'><strong>cacumen,</strong></span> 
     </span>
     <span class='ocr_line' id='line_1_38' title="bbox 50 1649 1036 1688; baseline -0.004 -7"><span class='ocrx_word' id='word_1_311' title='bbox 50 1652 128 1688; x_wconf 76' lang='lat' dir='ltr'><strong>quod</strong></span> <span class='ocrx_word' id='word_1_312' title='bbox 137 1660 225 1688; x_wconf 80' lang='lat' dir='ltr'><strong>quum</strong></span> <span class='ocrx_word' id='word_1_313' title='bbox 236 1653 385 1688; x_wconf 75' lang='lat' dir='ltr'><strong>ceperitis,</strong></span> <span class='ocrx_word' id='word_1_314' title='bbox 404 1651 541 1680; x_wconf 75' lang='lat' dir='ltr'><strong>candidis</strong></span> <span class='ocrx_word' id='word_1_315' title='bbox 552 1652 620 1680; x_wconf 76' lang='lat' dir='ltr'><strong>velis</strong></span> <span class='ocrx_word' id='word_1_316' title='bbox 631 1653 746 1687; x_wconf 62' lang='lat' dir='ltr'><strong>signum</strong></span> <span class='ocrx_word' id='word_1_317' title='bbox 757 1651 829 1679; x_wconf 75' lang='lat' dir='ltr'><strong>mihi</strong></span> <span class='ocrx_word' id='word_1_318' title='bbox 845 1649 966 1678; x_wconf 77' lang='lat' dir='ltr'><strong>dabitis:</strong></span> <span class='ocrx_word' id='word_1_319' title='bbox 983 1656 1036 1684; x_wconf 72' lang='lat' dir='ltr'><strong>eqo</strong></span> 
     </span>
     <span class='ocr_line' id='line_1_39' title="bbox 27 1691 1035 1730; baseline -0.004 -8"><span class='ocrx_word' id='word_1_320' title='bbox 27 1694 139 1730; x_wconf 66' lang='grc' dir='ltr'><em>πυρῆς</em></span> <span class='ocrx_word' id='word_1_321' title='bbox 150 1694 275 1722; x_wconf 81' lang='lat' dir='ltr'><strong>admotis</strong></span> <span class='ocrx_word' id='word_1_322' title='bbox 287 1693 394 1722; x_wconf 81' lang='lat' dir='ltr'><strong>hostem</strong></span> <span class='ocrx_word' id='word_1_323' title='bbox 412 1694 441 1721; x_wconf 72' lang='lat' dir='ltr'><strong>in</strong></span> <span class='ocrx_word' id='word_1_324' title='bbox 460 1701 511 1722; x_wconf 83' lang='lat' dir='ltr'><strong>nos</strong></span> <span class='ocrx_word' id='word_1_325' title='bbox 526 1702 544 1721; x_wconf 87' lang='grc' dir='ltr'><em>α</em></span> <span class='ocrx_word' id='word_1_326' title='bbox 561 1693 636 1722; x_wconf 77' lang='lat' dir='ltr'><strong>vobis</strong></span> <span class='ocrx_word' id='word_1_327' title='bbox 650 1696 825 1722; x_wconf 78' lang='lat' dir='ltr'><strong>convertam.</strong></span> <span class='ocrx_word' id='word_1_328' title='bbox 867 1691 1035 1720; x_wconf 75' lang='lat' dir='ltr'><strong>Praemium</strong></span> 
     </span>
    </p>
   </div>
  </div>
 </body>
</html>
