1215 1905
144 88 216 118 LIB.
231 88 309 118 VIII.
324 88 492 124 CARVIII,
504 86 729 123 lfi—CAP.IX‚
741 91 781 117 19.
798 96 958 123 [rurae-³1.
972 95 1009 121 z.]
1036 84 1093 116 197

78 170 94 195 4
108 163 264 202 praebent.
294 164 385 193 Indus
402 162 530 200 gelidior
544 167 606 197 est,
629 171 718 199 quam
735 161 842 192 ceteri:
864 170 961 199 aquas
978 161 1061 191 vehit
1075 170 1093 190 a

78 213 93 237 5
108 207 210 236 colore
230 205 321 235 maris
337 205 418 234 haud
433 205 557 234 multum
572 205 781 234 abhorrentes.
812 204 943 241 Ganges,
960 203 1093 233 omnium

107 248 144 277 ab
162 248 278 277 oriente
295 246 406 276 fluvius
423 246 569 281 eximius,
590 246 628 275 ad
651 246 847 275 meridianam
868 245 1024 282 regionem
1041 245 1092 274 de·

107 289 199 319 currit
210 293 239 318 et
252 296 428 325 magnorum
441 287 586 317 montium
598 287 666 323 iuga
679 292 762 316 recto
775 288 862 317 alveo
874 286 1009 323 stringit:
1022 285 1093 315 inde

78 336 93 362 6
106 339 174 360 euin
191 331 327 360 obiectae
342 338 435 367 rupes
451 329 595 359 inclinant
610 330 648 358 ad
666 329 822 358 orientem.
851 329 986 365 Uterque
1000 328 1092 357 rubro

106 372 178 401 mari
194 372 349 409 accipitur.
372 372 464 400 Indus
480 371 562 408 ripas
578 372 751 408 multasque
763 371 889 400 arbores
903 378 971 400 cum
984 378 1093 406 magna

77 419 91 444 τ
105 414 162 443 soli
179 418 263 451 parte
278 414 437 448 exsorbet‚
459 412 544 442 saxis
562 421 685 449 quoque
700 412 881 449 impeditus,
899 411 968 449 quis
985 412 1092 441 crebro

106 456 330 485 reverberatur:
353 455 403 484 ubi
420 454 540 484 mollius
557 455 654 484 solum
670 454 797 490 reperit,
820 458 941 490 stagnat
962 453 1092 482 insulas-

76 503 93 528 8
105 505 165 534 quc
181 497 315 526 molitur:
337 499 489 526 Acesines
504 504 573 525 eum
587 500 686 532 auget.
723 496 844 531 Ganges
860 495 874 514 *
890 496 1092 525 decursurum

106 539 133 568 in
151 547 232 568 mare
253 538 416 575 intercipit.
440 545 612 574 magnoque
635 541 717 566 motu
739 537 836 566 amnis
859 541 987 573 uterque
1009 537 1093 565 colli-

105 580 199 610 ditur:
226 580 340 618 quippe
362 580 481 617 Ganges
508 587 650 616 asperum
673 587 708 607 os
730 578 867 608 influenti
891 578 1007 611 obiicit,
1036 586 1092 607 nec

76 626 92 653 9
105 630 305 658 repercussae
321 629 419 659 aquae
432 622 551 651 cedunt.
580 620 760 659 Dyard511es
776 620 876 650 minus
898 620 1018 650 celeber
1039 628 1092 649 au-

105 664 168 693 ditu
185 668 245 699 est,
268 663 339 700 quia
360 671 414 700 per
429 663 532 692 ultima
553 662 654 692 Indiae
672 662 778 692 currit:
801 667 934 692 ceterum
949 670 1009 691 non
1026 670 1092 691 cro-

105 706 223 735 codilos
239 706 346 740 modo,
369 705 410 735 uti
425 705 525 740 Nilus,
548 705 603 734 sed
625 704 714 733 etiam
731 704 893 741 delphinos
909 704 1092 741 ignotasque

67 751 95 776 to
104 747 170 776 aliis
185 748 324 784 gentibus
340 747 445 776 beluas
461 747 522 776 alit.
540 746 729 775 Ethimantus
743 746 858 775 crebris
876 745 1007 775 flexibus
1021 745 1092 774 sub-

105 789 175 818 inde
191 794 333 818 curvatus
349 789 387 817 ab
402 788 517 817 accolis
532 788 700 824 rigantibus
715 788 864 824 carpitur=
881 796 917 817 ea
930 795 1024 817 causa
1035 790 1092 822 est,

105 838 158 859 cur
182 834 288 859 tenues
315 830 460 866 reliquias
486 829 545 858 iam
572 829 638 859 sine
663 829 785 858 nomine
811 829 840 858 in
862 837 944 858 mare
968 828 1091 858 emittat.

65 871 203 902 llMultis
220 876 340 909 praeter
355 872 412 901 hos
428 872 568 900 amnibus
584 874 646 900 tota
664 871 748 907 regio
766 871 916 906 dividitur,
935 871 990 900 sed
1006 870 1091 907 igno-

64 913 227 949 12bilibus‚
251 913 322 950 quia
344 922 404 943 non
426 914 503 942 adeo
527 912 712 942 interfluunt.
756 913 908 947 Ceterum,
927 921 1005 949 quae
1021 920 1090 949 pro-

104 955 190 991 piora
206 959 275 984 sunt
290 955 372 986 mari.
390 954 534 992 aquilone
550 954 681 984 maxime
697 955 878 984 deuruntur:
896 955 922 984 is
939 953 1090 984 cohibitus

103 996 181 1033 iugis
199 997 342 1026 montium
360 997 396 1025 ad
415 996 559 1026 interiora
574 1005 634 1025 non
653 1000 803 1033 penetrat,
827 997 867 1026 ita
889 995 1007 1026 alendis
1032 996 1091 1024 sru-

63 1038 190 1074 iegibus
212 1038 302 1067 mitia.
345 1038 406 1067 Sed
429 1038 506 1067 adeo
530 1038 558 1066 in
582 1038 632 1066 illa
654 1039 744 1074 plaga
759 1038 889 1068 mundus
907 1041 1002 1068 statas
1019 1042 1090 1066 teni-

105 1087 211 1116 porum
227 1080 311 1109 vices
327 1083 429 1115 mutat,
446 1083 486 1115 ut,
503 1088 595 1116 quum
607 1079 666 1108 alia
681 1080 801 1109 fervore
813 1079 888 1109 solis
901 1083 1090 1114 exaestuant,

104 1121 218 1151 Indiam
235 1121 321 1151 nives
338 1122 480 1152 obruant,
502 1129 686 1158 rursusque,
709 1121 759 1150 ubi
779 1125 881 1151 cetera
895 1121 1008 1158 rigent,
1031 1119 1092 1149 illic

104 1163 312 1193 intolerandus
328 1168 431 1192 aestus
445 1162 563 1192 existat.
585 1163 662 1197 Nec,
679 1171 733 1193 cur
750 1163 790 1192 ibi
807 1171 840 1192 se
857 1168 963 1192 natura
980 1162 1089 1198 [inver-

65 1204 183 1240 titerit,
202 1205 339 1241 patescit]
356 1213 458 1234 causa.
489 1205 573 1234 Mare
589 1210 685 1240 certe,
703 1213 763 1241 quo
780 1205 915 1239 alluitur,
933 1212 971 1233 ne
986 1204 1090 1233 colore

104 1246 226 1283 quidem
241 1246 384 1276 abhorret
399 1255 416 1275 a
433 1246 552 1276 ceteris.
586 1246 633 1275 Ab
655 1246 784 1286 Erythro
805 1255 876 1283 rege
899 1246 1025 1275 inditum
1043 1249 1090 1274 est

104 1296 228 1317 nomen:
247 1288 466 1325 propterquod
482 1287 576 1324 ignari
593 1289 702 1317 rubere
717 1296 813 1325 aquas
826 1288 962 1317 credunt.

63 1333 93 1359 15
180 1329 246 1365 (31)
261 1330 350 1358 Terra
364 1330 414 1358 lini
428 1330 527 1358 ferax:
540 1329 611 1359 inde
624 1330 780 1367 plerisque
793 1334 864 1360 sunt
880 1333 991 1360 vestes.
1008 1327 1090 1358 Libri

102 1370 257 1406 arborum,
276 1372 368 1401 teneri
384 1371 466 1400 haud
481 1379 572 1400 secus
589 1380 678 1408 quam
696 1371 834 1407 chartae,
856 1371 1020 1402 litterarum
1036 1378 1090 1400 no-

63 1416 94 1442 16
103 1417 149 1442 tas
171 1413 303 1450 capiunt.
348 1414 431 1442 Aves
454 1413 493 1442 ad
514 1412 691 1442 imitandum
711 1413 862 1443 humanae
877 1413 963 1442 vocis
980 1420 1090 1442 sonum

103 1454 219 1483 dociles
235 1459 314 1484 sunt.
343 1454 494 1483 Animalia
509 1454 651 1484 inusitata
665 1455 775 1484 ceteris
797 1454 954 1491 gentibus,
972 1454 1029 1483 nisi
1046 1453 1090 1482 in-

63 1498 92 1525 17
102 1499 198 1524 vecta.
235 1496 350 1525 Eadem
365 1500 442 1525 terra
458 1496 668 1526 rhinocerotas
684 1497 751 1532 alit⁷
773 1505 833 1526 non
851 1500 984 1533 generat.
1021 1496 1088 1524 Ele-

102 1537 283 1574 phantorum
299 1537 394 1567 maior
409 1542 455 1567 est
470 1537 532 1572 vis,
556 1547 646 1574 quam
664 1547 742 1575 quos
758 1538 786 1567 in
806 1538 910 1567 Africa
926 1537 1088 1567 domitant:

62 1582 129 1609 18et
144 1578 261 1609 viribus
276 1579 451 1615 magnitudo
467 1580 644 1616 respondet.
687 1581 803 1609 Aurum
826 1579 950 1609 flumina
966 1579 1087 1614 vehunt,

60 1623 92 1651 19
101 1629 179 1657 quae
194 1621 254 1650 leni
269 1621 453 1658 modicoque
474 1622 563 1658 lapsu
585 1629 696 1658 segnes
722 1630 819 1658 aquas
841 1621 963 1651 ducunt.
1000 1620 1088 1650 Gem-

101 1670 165 1692 mas
191 1662 432 1700 margaritasque
457 1671 540 1692 mare
567 1663 704 1693 litoribus
731 1663 875 1693 infundit:
905 1671 1005 1699 neque
1028 1661 1087 1691 alia

101 1703 160 1733 illis
172 1705 268 1735 maior
283 1704 456 1743 opulentiae
469 1713 563 1734 causa
575 1709 636 1740 est,
654 1704 758 1741 utique
770 1709 933 1742 postquam
947 1703 1086 1733 vitiorum
