1215 1905
135 136 197 166 250
473 136 506 171 Q.
529 135 816 165 CURT11RUF1

218 210 264 246 (9)
297 210 434 240 Ceterum
461 215 492 240 ut
516 209 669 246 cognitum
694 214 755 245 est,
781 210 857 239 alios
878 209 987 240 remitti
1002 211 1163 248 domos,12

134 251 212 281 alios
227 250 359 288 retineri,
373 256 553 288 perpetuam
569 259 637 281 eum
650 251 737 287 regni
753 252 858 281 sedem
872 251 903 280 in
915 251 990 280 Asia
1003 252 1120 282 habitu-

133 301 201 322 rum
215 292 280 328 rati,
309 293 459 323 vecordes
475 297 504 323 et
519 292 700 329 disciplinae
714 292 850 322 militaris
865 292 1058 323 immemores
1072 302 1120 323 se-

134 334 255 363 ditiosis
273 333 400 363 vocibus
417 339 516 364 castra
532 334 686 370 complent
699 342 863 371 regemque
883 334 1014 364 ferocius
1030 343 1121 371 quam

134 376 210 405 alias
225 375 323 405 adorti
339 384 445 405 omnes
461 376 549 405 simul
565 375 742 405 missionem
768 376 924 412 postulare
945 381 1120 413 coeperunt,

136 417 284 446 deformia
304 425 358 446 ora
380 417 571 447 cicatricibus
593 416 793 454 canitiemque
815 417 946 454 capitum
967 421 1120 447 ostentan-

133 463 190 488 tes.
233 458 295 487 Nec
317 463 368 488 aut
388 460 612 495 praefectorum
635 458 834 495 castigatione
859 463 911 488 aut
935 458 1161 488 verecundiam

133 499 215 537 regis
231 500 364 529 deterriti
380 501 565 530 tumultuoso
581 500 713 529 clamore
732 505 761 529 et
775 500 894 530 militari
910 500 1053 529 violentia
1066 509 1120 530 vo-

135 542 245 570 lentem
265 541 350 578 loqui
371 541 559 577 inhibebant,
581 541 681 578 palam
703 541 851 577 professi,
874 549 1025 578 nusquam
1040 541 1120 578 inde,

134 582 192 611 nisi
208 582 237 611 in
253 582 390 619 patriam,
405 583 566 619 vestigium
582 590 651 611 esse
666 587 812 612 moturos.
852 583 984 612 Tandem
1000 582 1118 612 silentio
1129 588 1174 613 14*

136 624 231 659 facto,
253 624 348 660 magis
365 624 436 661 quia
451 628 564 653 motum
580 631 650 653 esse
666 624 844 659 credebant,
868 632 957 661 quam
974 623 1120 661 quiaripsi

135 665 251 695 moveri
279 669 433 702 poterant,
465 665 608 702 quidnam
629 669 752 694 acturus
780 670 878 701 esset,
907 666 1118 702 expectabant.

133 707 201 740 lile,
228 707 304 741 Quid
317 708 403 743 baec,
425 707 536 744 inquit,
557 715 663 743 repens
677 709 871 737 consternatio
890 711 990 737 ettam
1001 711 1160 744 proca-‘1:15

133 752 220 785 atque
234 748 331 784 effusa
346 750 463 778 licentia
479 747 652 778 denuntiat?
683 749 790 785 Eloqui
803 753 912 778 metuo:
921 751 1027 786 palam
1041 753 1119 778 certe

133 791 254 826 rupistis
270 791 432 827 imperium,
447 794 474 819 et
485 792 623 827 precario
643 798 699 819 rex
713 798 785 824 sum,
807 792 857 820 eui
870 799 927 820 non
941 790 1117 826 alloquendi,

133 839 191 860 non
214 833 356 861 noscendi
373 833 565 868 monendique
589 834 641 860 aut
664 833 798 860 intuendi
816 840 864 861 vos
885 834 930 862 ius
949 833 1116 867 reliquistis.

132 873 291 909 Equidem,
317 882 404 910 quum
429 875 502 902 alios
527 874 669 902 dimittere
693 874 722 901 in
743 875 889 909 patriam,
910 875 983 902 alios
1007 881 1116 902 mecum
1126 876 1158 902 16

130 916 222 951 paulo
233 918 299 951 post
314 916 473 951 deportare
487 916 645 948 statuerim,
662 917 721 942 tam
736 916 798 943 illos
813 916 1010 944 acclamantes
1024 914 1115 949 video,
1178 922 1180 926 ’

132 957 184 992 qui
196 956 305 985 abituri
317 959 398 991 sunt,
415 964 503 992 quam
517 956 583 991 Itos,
598 963 663 984 cum
678 956 780 990 quibus
789 957 969 992 praemissos
983 955 1118 991 subsequi

132 999 229 1025 statui.
272 998 349 1031 Quid
368 998 422 1027 hoc
442 1001 485 1026 est
503 995 568 1026 rei?
597 997 714 1032 dispari
732 998 763 1025 in
784 1005 875 1026 causa
895 998 972 1026 idem
993 997 1155 1026 omniurnl?

131 1040 243 1067 clamor
261 1044 310 1068 est.
357 1040 498 1068 Pervelim
518 1040 602 1073 scire,
622 1041 728 1073 utrum,
749 1040 800 1074 qui
815 1039 975 1073 discedunt,
996 1046 1046 1073 an,
1067 1039 1119 1074 qui

130 1081 301 1115 retinentur,
317 1081 354 1109 de
368 1089 412 1109 me
427 1083 597 1117 querantur.
621 1079 775 1114 Crederes,
790 1088 849 1109 uno
863 1088 916 1109 ore
929 1087 1033 1109 omnes
1049 1087 1116 1108 sus·
1126 1075 1181 1108 185³

132 1120 239 1150 tulisse
255 1122 432 1151 clamorem:
455 1121 494 1150 ita
507 1121 619 1158 pariter
636 1128 675 1149 ex
693 1125 754 1150 tota
770 1121 917 1150 concione
932 1128 1115 1157 responsum

131 1166 186 1197 est,
205 1171 310 1192 omnes
328 1163 421 1200 queri.
1160 1188 1162 1190 .

215 1203 282 1240 (10)
303 1205 375 1233 Tum
392 1205 449 1239 ille,
467 1205 531 1234 Non
543 1205 670 1240 hercule,
687 1204 791 1241 inquit,
810 1207 905 1241 potest
914 1205 989 1240 fieri,
1010 1207 1042 1232 ut
1055 1203 1116 1232 ad—
1125 1206 1156 1233 19

130 1246 239 1279 ducar,
266 1247 411 1282 querendi
429 1248 515 1275 simul
535 1247 665 1275 omnibus
685 1247 763 1275 hanc
783 1254 904 1275 causam
927 1253 1003 1281 esse,
1026 1252 1114 1281 quam
1133 1262 1135 1267 .

129 1288 285 1321 ostenditis,
305 1289 335 1315 in
350 1296 408 1323 qua
422 1290 517 1316 maior
526 1296 603 1324 pars
616 1289 764 1316 exercitus
778 1296 835 1317 non
850 1291 899 1321 est,
915 1290 1012 1323 utpote
1027 1294 1114 1322 quum
1160 1292 1167 1314 .’

126 1330 229 1364 plures
255 1329 426 1360 dimiserim.
449 1337 536 1365 quam
559 1332 724 1357 retenturus
743 1337 816 1357 sum.
857 1329 960 1357 Subest
979 1329 1116 1356 nimirum
1124 1331 1156 1357 20

128 1371 216 1398 allius
230 1372 353 1405 malum,
375 1371 453 1406 quod
465 1379 562 1399 omnes
577 1372 680 1399 avertit
692 1379 710 1398 α
725 1378 778 1399 me.
820 1370 945 1404 Quando
965 1370 1041 1398 enim
1060 1377 1114 1398 re—
1160 1376 1162 1378 ’

124 1419 192 1447 yem
214 1413 365 1440 universus
390 1412 518 1441 deseruit
541 1410 709 1440 exercitus?
756 1411 799 1440 Ne
823 1413 901 1440 servi
918 1412 1034 1447 quidem
1054 1418 1114 1439 uno
1153 1443 1156 1446 ,

124 1453 402 1489 yreyeprofuyiunt
410 1454 548 1487 dominos,
560 1454 614 1482 sed
623 1453 795 1489 estquidam
807 1453 836 1481 in
850 1454 908 1482 illis
915 1453 1018 1489 pudor
1027 1460 1047 1480 a
1059 1460 1112 1480 ce-
1156 1445 1175 1492 ἓ

126 1495 196 1523 teris
211 1495 358 1523 destitutos
372 1495 565 1531 relinquendi.
614 1495 720 1523 Verum
739 1502 792 1530 eqo
810 1498 869 1522 tam
887 1494 1022 1530 furiosae
1041 1492 1173 1523 con-21¹³

125 1538 312 1565 sternationis
331 1537 434 1565 oblitus
458 1537 590 1565 remedia
615 1536 826 1565 insanabilibus
851 1544 940 1565 conor
963 1535 1112 1563 adhibere.
1155 1506 1173 1573 3

127 1576 243 1606 Omnem
265 1578 385 1606 hercule
403 1586 497 1615 spem,
519 1585 607 1614 quam
627 1586 666 1606 ex
685 1578 762 1606 vobis
776 1585 982 1614 conceperam,
1005 1577 1113 1605 damno
1148 1570 1171 1639 ᾖ

124 1626 179 1647 nec
194 1622 225 1647 ut
238 1628 304 1648 cum
318 1620 455 1648 militibus
468 1621 546 1653 meis,
566 1635 602 1640 —
617 1620 676 1648 iam
690 1620 766 1648 enim
785 1627 846 1648 esse
867 1619 989 1652 desistis,
1004 1633 1047 1638 —
1060 1617 1114 1647 sed
1150 1624 1169 1645 ›..

124 1663 156 1688 ut
169 1668 234 1688 cum
250 1662 455 1696 inyralissimis
469 1662 566 1697 operis
587 1668 676 1696 aqere
690 1661 815 1689 decrevi.
855 1659 997 1689 Secundis
1016 1659 1135 1694 rebus‚2
1150 1645 1169 1673 ’ς

123 1708 199 1736 quae
218 1703 427 1738 circumfluunt
443 1710 504 1737 vos,
526 1704 657 1731 insanire
677 1703 823 1738 coepistis,
845 1702 924 1730 oblili
935 1704 1027 1729 status
1040 1701 1110 1736 cius,
1145 1725 1156 1751 i

122 1750 206 1778 quem
222 1743 358 1779 beneficio
373 1745 495 1773 exuistis
508 1752 578 1779 meo,
593 1744 677 1779 diqni
684 1744 813 1777 hercule,
825 1744 915 1779 quiin
926 1742 1026 1771 eodem
1036 1750 1110 1771 con·
1146 1734 1169 1779 ’,ί
1202 1750 1207 1773 1

1143 1778 1167 1830 ᾳῖ

1136 1830 1166 1905 i
