1215 1905
261 83 333 112 LlB.
349 83 397 112 lx.
421 82 650 118 CAP.1,1-15.
672 92 720 118 nx,
739 93 795 113 1—3.
816 91 854 117 z.)
940 109 946 114 .
1017 79 1077 110 215

92 158 142 196 gia
155 158 350 188 exaedificari
366 157 455 192 lubet,
475 162 514 192 ut,
532 166 624 194 quum
641 162 731 186 totam
744 156 849 186 Asiam
864 155 1077 192 percurrisset,

61 200 180 231 4finem
203 205 361 233 terrarum,
390 207 485 233 mare,
513 198 667 228 inviseret.
708 198 802 227 Multa
818 196 943 226 materIa
959 196 1077 226 navalis

91 241 121 270 in
135 241 283 278 proximis
299 239 450 270 montibus
466 244 543 269 erat:
561 248 650 276 quam
666 240 795 268 caedere
809 237 948 275 aggressi
963 237 1078 275 magni-

61 288 79 314 5
92 283 204 312 tudinis
219 282 378 312 inusitatae
394 289 556 318 repperere
571 285 740 317 serpentes.
762 280 985 309 Rhinocerotes
1002 288 1078 316 quo-

95 332 163 360 que,
179 332 279 353 rarum
294 322 364 352 alibi
379 323 497 359 animal,
513 322 542 352 in
559 322 667 352 iisdem
683 322 836 351 montibus
853 326 948 350 erant.
993 321 1077 351 Cete-

92 374 158 394 rum
174 366 232 395 hoc
254 372 362 394 nomen
384 364 481 393 beluis
502 363 628 393 inditum
643 373 660 393 a
677 363 816 392 Graecis=
844 363 994 392 sermonis
1011 363 1077 393 eius

61 407 188 443 signari
204 406 285 436 aliud
306 406 407 442 lingua
429 414 484 435 sua
498 410 655 442 usurpant.
700 406 780 438 Rex,
809 404 928 434 duabus
951 404 1077 434 urbibus

95 448 224 477 conditis
246 447 274 477 in
289 451 417 484 utraque
433 446 574 481 fluminis,
600 447 681 483 quod
698 450 905 483 superaverat,
928 445 1003 482 ripa,
1026 454 1076 475 co-

93 490 207 526 piarum
224 490 318 518 duces
335 487 456 518 coronis
473 493 502 517 et
514 488 593 517 mille
608 488 709 517 aureis
731 487 869 524 singulos
893 487 999 516 donat:
1027 496 1078 517 ce—

92 530 163 560 teris
181 538 304 567 quoque
317 538 373 566 pro
390 530 527 566 portione
549 533 600 558 aut
619 530 746 566 gradus,
775 537 866 565 quem
892 528 921 557 in
947 529 1078 558 amicitia

61 576 79 603 7
92 571 281 607 obtinebant,
307 575 358 600 aut
383 575 510 601 navatae
527 579 638 608 operae
653 571 752 600 honos
768 570 889 600 habitus
906 574 961 600 est.
1003 570 1076 599 Abi-

93 613 187 648 sares,
215 612 275 649 qui,
303 612 481 649 priusquam
497 620 564 642 cum
579 612 656 641 Poro
675 612 876 646 dimicaretur,
904 612 1021 649 legatos
1037 612 1076 640 ad

91 655 298 684 Alexandrum
315 653 452 689 miserat,
468 662 574 683 rursus
589 654 666 683 alios
682 653 775 688 misit,
798 653 994 690 pollicentes,
1012 661 1074 682 oni-

91 695 140 724 nia
156 696 311 731 facturum,
329 703 407 732 quae
422 695 610 732 imperasset,
627 695 718 725 modo
734 703 771 724 ne
789 700 948 731 cogeretur
963 703 1076 731 corpus

92 745 180 766 suum
206 738 333 766 dedere:
360 744 460 772 neque
484 736 563 766 enim
585 741 635 766 aut
656 736 721 766 sine
736 736 820 773 regio
837 736 963 772 imperio
979 736 1074 765 victu-

61 782 79 808 8
90 786 164 812 rum,
180 783 231 807 aut
246 783 438 814 regnaturum
453 785 523 807 esse
539 777 701 814 captivum.
746 778 798 807 Cui
813 778 989 807 Alexander
1000 786 1074 807 nun—

90 818 156 848 tiari
171 819 268 854 iussit,
286 819 311 848 si
327 823 504 855 gravaretur
518 819 556 847 ad
572 827 606 848 se
621 819 734 854 venire,
752 820 853 856 ipsum
870 820 907 848 ad
924 828 991 848 eum
1004 827 1074 848 esse

89 864 258 890 venturum.

173 901 220 937 (2)
255 901 339 935 Hinc,
356 902 433 930 Poro
450 909 599 937 amneque
622 906 781 938 superato,
809 902 847 930 ad
869 901 1011 931 interiora
1028 903 1059 930 ln

61 947 78 973 9
89 942 158 972 diae
173 943 332 979 processit.
375 943 476 972 Silvae
492 947 576 972 erant
591 951 687 979 prope
703 942 731 971 in
748 942 927 973 immensum
944 943 1074 979 spatium

91 984 222 1013 diffusae
238 984 437 1020 procerisque
453 988 482 1013 et
502 984 531 1012 in
547 983 687 1012 eximiam
709 984 895 1013 altitudinem
917 984 1005 1013 editis
1028 993 1074 1013 ar-

49 1025 214 1055 loboribus
232 1026 403 1054 umbrosae.
444 1025 582 1061 Plerique
603 1024 677 1053 rami
699 1025 793 1054 instar
808 1025 974 1062 ingentium
990 1025 1073 1062 stipi-

90 1071 151 1096 tum
166 1066 239 1096 ssexi
255 1067 283 1095 in
300 1067 422 1096 humum
436 1075 552 1101 rursus,
569 1075 629 1102 qua
642 1075 675 1095 se
692 1072 900 1101 curvaverant,
918 1066 1072 1103 erigeban-

89 1112 145 1144 tur,
161 1108 238 1137 adeo
255 1113 287 1137 ut
303 1108 423 1144 species
440 1112 523 1137 esset
538 1116 598 1137 non
614 1108 687 1136 rami
703 1108 899 1144 resurgentis,
916 1109 972 1137 sed
987 1108 1072 1137 arbo-

48 1149 130 1179 uris
152 1157 189 1178 ex
212 1158 267 1178 sua
288 1149 391 1178 radice
415 1154 586 1186 generatae.
630 1149 712 1178 Coeli
737 1149 900 1186 temperies
927 1149 1073 1178 salubris·

91 1190 205 1227 quippe
222 1196 250 1220 et
265 1191 325 1219 vim
348 1191 422 1220 solis
437 1191 561 1220 umbrae
586 1190 688 1219 levant
709 1195 737 1220 et
759 1199 857 1227 aquae
882 1192 984 1227 largae
1011 1199 1072 1219 ma-

47 1235 159 1261 mnam
174 1240 191 1261 e
207 1232 350 1262 sontibus.
396 1232 532 1261 Ceterum
548 1231 596 1260 hic
613 1240 736 1268 quoquc
759 1231 943 1268 serpentium
965 1240 1074 1268 magna

89 1273 136 1302 vis
152 1278 224 1308 erat,
243 1273 378 1310 squamis
395 1274 542 1309 fulgorem
558 1273 622 1302 auri
637 1273 844 1302 reddentibus.
888 1273 979 1303 Virus
992 1273 1075 1302 haud

88 1315 181 1344 ullum
197 1315 292 1351 magis
309 1315 431 1344 noxium
447 1319 507 1344 est:
536 1314 650 1351 quippe
672 1323 806 1344 morsum
828 1323 976 1351 praesens
992 1323 1075 1344 mors

47 1359 80 1385 13
88 1356 281 1393 sequebatur,
298 1357 396 1386 donec
412 1356 450 1385 ab
465 1356 573 1385 incolis
588 1356 754 1385 remedium
771 1357 903 1386 oblatum
919 1361 974 1386 est.
996 1356 1074 1385 Hinc

90 1406 144 1433 per
170 1398 290 1427 deserta
317 1401 437 1427 ventum
464 1401 511 1427 est
535 1397 574 1426 ad
596 1397 708 1426 flumen
730 1398 894 1435 Hyarotim.
936 1398 1075 1427 Iunctum

90 1444 154 1468 erat
169 1439 284 1468 flumini
298 1447 412 1473 nemus,
426 1447 556 1475 opacum
567 1438 727 1468 arboribus
741 1439 810 1468 alibi
824 1438 975 1468 inusitatis
988 1447 1074 1475 agre-

46 1483 80 1509 14
88 1479 240 1516 stiumque
266 1489 418 1517 pavonum
445 1479 632 1509 multitudine
661 1481 815 1516 frequens.
866 1480 978 1509 Castris
1003 1480 1076 1510 inde

88 1521 187 1556 motis,
205 1521 351 1558 oppidum
366 1521 446 1550 haud
469 1522 575 1557 procul
597 1521 729 1557 positum
752 1530 865 1551 corona
890 1521 971 1558 capit
993 1521 1075 1551 obsi-

89 1562 241 1599 dibusque
256 1562 391 1599 acceptis
406 1562 590 1599 stipendium
606 1562 742 1599 imponit.

167 1603 213 1640 (3)
236 1604 283 1633 Ad
299 1612 437 1640 magnam
453 1603 571 1638 deinde,
593 1609 624 1633 ut
640 1604 668 1633 in
685 1612 721 1633 ea
736 1603 868 1641 regione,
884 1604 988 1633 urbem
1004 1612 1073 1641 per-

47 1645 183 1681 lavenit‚
204 1654 263 1675 non
281 1654 365 1674 muro
387 1646 500 1681 solum,
522 1646 576 1674 sed
593 1646 681 1674 etiam
696 1646 807 1682 palude
823 1645 975 1675 munitam.
1019 1645 1073 1674 Ce-

88 1691 183 1716 terum
197 1687 317 1716 barbari
333 1687 479 1716 vehiculis
502 1687 578 1716 inter
600 1695 634 1716 se
656 1686 766 1716 iunctis
782 1686 951 1716 dimicaturi
967 1695 1073 1716 occur-
