1215 1895
93 67 133 100 76
435 67 469 102 Q.
492 66 648 97 CURTII
670 67 778 98 RUFI

89 142 193 174 virtuti
206 151 296 180 quam
309 144 447 173 fortunae
455 150 530 172 suae
539 141 651 172 debuit:
664 142 774 178 animo,
783 151 851 178 non,
860 147 894 173 ut
900 147 997 180 antea,
1007 144 1074 173 loco

91 185 170 215 vicit.
192 185 267 214 Nam
289 187 319 213 et
338 183 435 213 aciem
450 183 634 220 peritissime
648 183 790 213 instruxit
805 187 835 214 et
849 184 1117 221 promptissimae

91 226 158 264 ipse
174 225 321 263 pugnavit
342 229 371 255 et
391 233 501 262 magno
518 225 646 255 consilio
664 225 810 255 iacturam
823 225 1008 256 sarcinarum
1021 226 1073 255 im—

90 267 394 305 pedimentorumque
406 266 603 303 contempsit,
620 275 712 303 quum
727 267 757 296 in
773 266 842 304 ipsa
856 267 923 297 acie
939 276 1074 297 summae

89 309 133 338 rei
145 309 263 338 videret
275 316 346 338 esse
358 308 537 338 discrimen:
549 308 705 345 dubioque
717 308 817 337 adhuc
830 316 951 345 pugnae
962 313 1073 339 eventu

90 358 144 387 pro
167 350 282 380 victore
303 358 337 379 se
358 350 469 386 gessit:
485 350 645 386 perculsos
659 349 768 379 deinde
784 349 916 380 hostium
931 350 1015 386 fudit,
1031 351 1115 381 fu-29

89 391 221 428 gientes,
249 392 332 428 quod
347 391 376 420 in
392 391 442 420 illo
458 392 568 420 ardore
583 390 673 420 animi
690 391 741 420 vix
756 392 839 420 credi
860 395 977 428 potest,
1003 400 1074 428 pru-

89 433 210 463 dentius
228 441 319 469 quam
334 433 454 462 avidius
470 437 651 469 persecutus
667 437 722 462 est.
745 433 819 462 Nam
835 433 870 469 si,
885 437 971 470 parte
986 436 1114 463 exer-30

90 475 168 504 citus
183 475 282 504 adhuc
300 475 328 503 in
344 474 410 503 acie
425 479 538 510 stante,
554 474 667 504 instare
683 475 861 504 cedentibus
877 482 1071 511 perseveras-

90 521 150 551 set,
166 520 219 546 aut
233 517 322 553 culpa
338 524 394 545 sua
409 515 507 545 victus
522 520 620 552 esset,
636 520 687 545 aut
701 516 800 546 aliena
816 515 923 546 virtute
938 515 1072 546 vicisset.

88 558 149 587 Iam
175 557 201 587 si
224 557 444 587 multitudinem
466 557 600 594 equitum
623 557 843 587 occurrentium
873 556 1073 594 extimuisset,

88 599 196 629 victori
211 604 262 629 aut
278 600 367 629 foede
384 599 559 635 fugiendum
597 603 649 628 aut
669 599 880 629 miserabiliter
902 599 1073 628 cadendum

89 640 150 670 luit.
172 641 216 670 Ne
232 642 328 670 duces
345 640 467 677 quidem
480 640 636 677 copiarum
649 649 705 669 sua
715 641 806 670 laude
818 639 978 670 fraudandi
990 643 1112 670 sunt231

89 682 203 719 quippe
211 683 345 718 vulnera,
359 690 438 718 quae
450 682 582 718 quisque
595 682 725 718 excepit,
739 682 849 711 indicia
860 681 978 711 virtutis
990 685 1070 712 sunt.

88 723 325 760 Hephaestionis
340 723 497 753 brachium
513 723 601 753 hasta
616 724 707 753 ictum
723 728 784 753 est:
799 723 944 753 Perdicca
958 727 988 753 et
998 723 1072 752 Coe·
1079 726 1113 753 32

88 773 144 795 nos
160 769 189 794 et
202 765 343 794 Menidas
359 764 476 801 sagittis
493 773 589 802 prope
605 765 710 794 occisi.
732 765 769 794 Et
783 764 809 794 si
826 773 897 794 vere
912 764 1112 795 aestimare&

87 807 279 841 Macedonas
297 806 348 844 qui
365 811 436 836 tunc
451 810 551 842 erant,
568 807 724 841 volumus,
741 806 909 843 fatebimur,
924 810 954 835 et
967 814 1070 842 regem

87 848 196 878 talibus
211 848 356 878 ministris
371 852 401 878 et
416 848 484 877 illos
500 852 582 877 tanto
597 856 670 884 rege
686 847 782 878 fuisse
797 847 1004 884 dignissimos.

488 1005 651 1035 LIBER
693 1006 724 1034 V.

442 1116 757 1144 ARGUMENTUM.

87 1175 103 1199 l.
120 1173 201 1198 Dareo
212 1174 309 1198 Mediae
323 1174 383 1197 fines
395 1181 509 1205 ingresso
517 1191 523 1202 ‚
534 1174 632 1197 Arbelis
645 1174 740 1205 potitur
749 1173 894 1198 Alexander
905 1177 929 1197 et.
937 1173 1072 1206 Babylone,

118 1209 189 1232 euius
202 1209 279 1235 situs,
299 1208 451 1239 amplitudo,
473 1208 582 1239 corrupti
593 1215 676 1232 mores
686 1207 867 1234 describuntur.
902 1208 933 1231 11.
952 1207 1070 1231 Militibus

121 1242 233 1274 praemia
242 1243 368 1274 proponit,
380 1246 407 1265 ut
416 1242 448 1265 iis
462 1243 540 1265 otium
552 1246 687 1265 excuteret.
707 1242 771 1265 Susa
781 1242 866 1265 urbem
876 1248 906 1265 ae
914 1248 1002 1273 regum
1012 1242 1069 1266 Per-

119 1284 202 1300 sarum
213 1276 345 1300 thesauros
356 1276 452 1307 recipit,
469 1275 637 1308 Sisygnmbim
647 1275 750 1299 solatur.
778 1276 817 1299 111.
836 1275 954 1299 Uxiorum
970 1275 1071 1307 regione

120 1314 250 1342 superata,
271 1310 395 1334 Madatem
407 1309 561 1341 praefectum
571 1317 601 1333 ac
617 1309 716 1334 deditos
726 1314 750 1333 ct
760 1310 873 1341 captivos
882 1313 934 1333 tum
947 1309 1068 1335 libertate.

121 1350 172 1368 tum
183 1345 338 1368 immunitate
355 1345 430 1368 donat
444 1344 623 1374 Persidemque
633 1344 725 1368 intrare
735 1344 848 1375 cogitans
858 1344 889 1368 ab
900 1344 1069 1368 Ariobarzane

121 1379 234 1403 recedere
243 1379 350 1410 cogitur.
362 1378 404 1402 IV.
413 1377 517 1409 Captivo
528 1378 637 1408 quodam
647 1378 693 1402 iter
701 1378 787 1410 paucis
797 1378 925 1410 cognitum
935 1378 1069 1408 aperiente,

119 1413 249 1437 Persarum
262 1413 408 1443 exercitum,
429 1413 483 1444 ipso
493 1412 662 1436 Ariobarzane
674 1413 769 1442 occiso,
782 1412 855 1436 delet.
892 1412 924 1438 V.
935 1412 974 1435 Ad
983 1411 1067 1436 Perse-

121 1447 196 1478 pulim
207 1454 344 1478 properans
355 1447 510 1478 captivorum
522 1446 673 1470 Graecorum
683 1447 717 1470 IV
729 1446 796 1470 milia
808 1446 903 1470 liberat.
939 1446 982 1469 Vl.
1001 1444 1068 1476 Opu-

119 1482 260 1505 lcntissima
279 1481 338 1505 urbe
357 1480 484 1512 Persepoli
506 1481 617 1512 direpta,
642 1481 786 1504 interiorem
809 1480 918 1504 Persidis
939 1479 1068 1511 regionem

121 1516 182 1545 petit
192 1523 221 1539 ac
234 1515 377 1539 Mardorum
393 1515 477 1538 domat
492 1519 600 1546 gentem.
636 1515 689 1538 VII.
717 1514 860 1538 Alexander
878 1514 902 1538 in
923 1514 1039 1538 convivio
1053 1520 1068 1536 a

119 1549 213 1572 Thaide
231 1549 354 1580 impulsus
364 1549 497 1572 Persarum
512 1549 607 1581 regiam
626 1549 751 1577 incendit,
774 1549 866 1573 deinde
881 1548 999 1579 persequi
1016 1546 1065 1571 Da-

118 1590 187 1606 reum
201 1585 297 1608 statuit.
318 1584 383 1607 V111.
395 1583 468 1607 Darei
483 1590 543 1607 suos
554 1583 587 1607 ad
597 1590 709 1615 pugnam
720 1582 843 1606 hortantis
856 1582 943 1606 oratio.
964 1581 1006 1605 IX.
1017 1580 1067 1604 Va-

117 1617 168 1640 riae
178 1617 319 1648 principum
331 1617 469 1640 sententiae
481 1624 510 1641 ac
522 1617 642 1641 tumultus
652 1618 683 1641 ob
693 1616 857 1645 Nabarzanis,
873 1616 915 1646 qui
925 1623 980 1639 eum
992 1616 1069 1639 Besso

119 1651 267 1682 proditionis
283 1651 426 1675 societatem
443 1651 540 1682 inierat,
560 1651 700 1675 consilium.
735 1649 766 1674 X.
787 1650 857 1674 Bessi
875 1654 899 1673 et
914 1649 1070 1673 Narbazanis

118 1685 149 1708 de
161 1685 242 1710 Dareo
260 1685 390 1716 prodendo
405 1690 446 1708 aut
459 1685 594 1709 occidendo
612 1684 707 1709 nefaria
726 1684 886 1713 deliberatio,
906 1690 981 1714 quam
999 1682 1070 1707 miris
