1215 1905
145 127 210 157 208
483 125 820 162 9.CURTIIRUF1

152 202 326 232 transibant.
351 200 394 229 lbi
410 199 488 229 levia
502 201 619 238 proelia
634 201 880 237 conserebantur,
898 205 927 231 et
937 205 1063 241 uterque
1076 211 1131 232 rex

152 251 265 281 parvae
280 242 324 272 rei
340 242 513 271 discrimine
529 251 664 272 summae
679 242 892 279 experiebatur
908 249 1056 274 eventum.
1079 245 1130 274 Ce-
1140 249 1173 274 13

151 290 248 315 terum
269 285 298 313 in
319 284 520 313 Macedonum
545 284 681 313 exercitu
705 284 871 314 temeritate
892 288 983 321 atque
1004 286 1131 315 audacia

151 326 288 363 insignes
304 326 387 355 fuere
404 325 605 363 Symmachus
621 330 650 355 et
664 325 810 361 Nicanor,
826 326 944 355 nobiles
960 326 1086 356 iuvenes
1102 332 1131 356 et

152 372 299 405 perpetua
319 367 449 404 partium
473 367 613 396 felicitate
634 367 671 396 ad
689 368 892 404 spernendum
910 376 998 397 omne
1013 368 1130 405 pericu-

152 410 210 438 lum
228 408 359 438 accensi.
395 408 468 445 Quis
484 409 612 438 ducibus
627 409 844 445 promptissimi
860 410 1003 438 iuvenum
1019 409 1132 439 lanceis
1143 414 1174 439 14

152 452 243 480 modo
260 450 365 479 armati
380 454 576 479 transnavere
592 450 621 479 in
637 450 780 485 insulam,
805 460 894 488 quam
917 452 1060 488 frequens
1077 451 1131 480 ho-

153 492 207 522 stis
221 492 349 528 tenebat,
365 492 537 528 multosque
552 493 702 528 Indorum,
718 493 799 521 nulla
811 501 843 522 re
853 493 960 522 melius
975 501 1065 529 quam
1080 501 1131 522 au·

152 534 239 562 dacia
255 533 369 570 armati,
385 533 608 563 interemerunt.
633 533 725 562 Abire
741 542 809 563 cum
824 534 919 570 gloria
936 539 1089 571 poterant,
1105 533 1133 562 si
1142 537 1173 563 15

152 583 286 612 unquam
301 574 452 604 temeritas
470 575 540 604 felix
554 575 702 604 inveniret
716 576 852 604 modum:
870 577 925 605 sed
941 577 1011 605 dum
1027 583 1131 613 super-

153 617 307 645 venientes
324 616 519 653 contemptim
535 621 564 646 et
579 617 711 653 superbe
735 626 857 653 quoque
880 621 1054 654 expectant,
1076 616 1131 646 cir-

152 658 303 687 cumventi
320 658 356 686 ab
373 658 434 692 his,
460 658 511 694 qui
527 659 636 688 occulti
656 663 828 694 enaverant,
845 659 961 688 eminus
978 658 1076 688 obruti
1092 663 1132 688 te-

154 699 189 728 lis
207 704 284 728 sunt.
328 699 383 735 Qui
399 699 567 735 effugerant
581 700 715 735 hostem,
737 704 788 729 aut
802 700 915 737 impetu
931 701 1028 730 amnis
1043 699 1134 729 ablati
1143 703 1174 729 16

153 745 222 769 sunt
235 745 285 769 aut
301 740 464 769 vorticibus
479 741 621 777 impliciti.

235 780 301 817 (46)
321 782 426 819 anue
443 790 545 819 pugna
559 783 684 812 multum
699 783 765 812 Pori
783 783 923 812 fiduciam
939 784 1045 818 erexit,
1062 791 1131 811 cun-

151 829 199 853 cta
215 824 364 853 cernentis
381 832 397 853 e
412 824 487 860 ripa.
529 825 704 853 Alexander
718 824 809 861 inops
826 824 944 854 consilii
961 825 1080 854 tandem
1095 823 1174 854 adl'i'

152 866 315 894 fallendum
331 865 449 894 hostem
464 865 552 894 talem
569 866 670 895 dolum
686 866 820 895 intendit.
843 866 914 894 Erat
924 866 1023 894 insula
1035 865 1064 894 in
1078 865 1132 894 ssu-

152 907 231 935 mine
246 907 375 943 amplior
390 906 514 942 ceteris,
531 906 678 937 silvestris
695 908 799 936 eadem
817 912 846 936 et
861 907 998 943 tegendis
1014 906 1133 936 insidiis

152 953 231 985 apta.
267 948 365 977 Fossa
382 956 505 985 quoque
520 949 655 984 praealta
670 949 750 977 haud
767 950 872 984 procul
888 948 969 984 ripa,
987 957 1075 984 quam
1092 952 1134 976 te-

152 990 242 1018 nebat
257 990 334 1026 ipse⁷
352 997 411 1018 non
428 989 546 1026 pedites
563 990 669 1024 modo,
686 990 741 1018 sed
758 989 846 1018 etiam
863 997 931 1018 cum
947 990 1035 1026 equis
1052 989 1134 1018 viros

154 1035 270 1067 poterat
286 1031 485 1060 abscondere.
514 1030 608 1066 Igitur
624 1035 653 1059 ut
668 1040 684 1059 a
702 1030 840 1060 custodia
855 1030 944 1060 hulus
961 1029 1134 1067 opportuni-
1145 1033 1177 1059 18

151 1072 220 1101 tatis
237 1073 343 1101 oculos
359 1071 490 1101 hostium
507 1076 669 1108 averteret,
691 1072 893 1101 Ptolemaeum
915 1073 1054 1101 omnibus
1076 1076 1134 1101 tur-

152 1113 208 1142 mis
232 1114 407 1149 obequitare
429 1113 517 1142 iussit
538 1114 643 1149 procul
665 1113 763 1142 insula
779 1117 808 1142 et
823 1114 951 1143 subinde
967 1114 1058 1142 Indos
1075 1114 1133 1142 cla-

151 1163 235 1184 more
251 1159 377 1189 terrere,
401 1154 489 1190 quasi
505 1154 616 1183 ssumen
634 1159 841 1184 transnaturus
865 1156 949 1184 foret.
985 1155 1040 1184 Per
1056 1157 1177 1184 com-19

153 1197 255 1232 plures
283 1196 348 1225 dies
374 1196 565 1225 Ptolemaeus
591 1195 622 1225 id
648 1196 718 1226 fecit
744 1205 842 1233 eoque
869 1196 997 1226 consilio
1027 1196 1135 1225 Porum

153 1246 277 1274 quoque
293 1246 400 1274 agmen
417 1246 505 1267 suum
522 1238 548 1267 ei
563 1237 656 1274 parti,
680 1247 770 1274 quam
792 1247 825 1267 se
848 1242 951 1275 petere
967 1238 1133 1272 simulabat,

153 1280 252 1315 coegit
266 1280 435 1308 advertere.
452 1279 513 1307 Iam
527 1284 611 1308 extra
625 1284 821 1316 conspectum
833 1279 932 1309 hostis
948 1279 1048 1309 insula
1063 1283 1134 1308 erat.
1144 1282 1180 1308 20-

151 1321 326 1349 Alexander
347 1321 375 1349 in
398 1320 519 1349 diversa
541 1325 625 1357 parte
647 1320 731 1357 ripae
747 1321 836 1350 statui
853 1330 940 1350 suum
957 1321 1133 1350 tabernacu-

153 1363 213 1391 lum
228 1361 316 1391 iussit
331 1366 548 1398 assuetamque
565 1362 699 1391 comitari
721 1362 821 1398 ipsum
843 1362 998 1392 cohortem
1020 1366 1088 1391 ante
1104 1361 1136 1390 id

153 1404 378 1432 tabernaculum
395 1408 473 1432 stare
490 1408 518 1432 et
539 1412 659 1432 omnem
681 1408 859 1440 apparatum
881 1403 983 1441 regiae
999 1403 1131 1439 magnifi-

152 1444 269 1474 centiae
294 1444 424 1474 hostium
456 1444 552 1473 oculis
578 1446 615 1473 de
644 1445 791 1474 industria
821 1445 949 1474 ostendi.
1003 1444 1175 1474 Attalumm

152 1486 250 1521 etiam,
268 1487 425 1523 aequalem
441 1486 498 1515 sibi
514 1490 542 1515 et
557 1486 638 1515 haud
653 1487 806 1523 disparem
827 1487 930 1516 habitu
946 1486 1008 1516 oris
1024 1490 1053 1515 et
1068 1494 1133 1515 cor-

152 1528 246 1563 poris,
262 1527 366 1564 utique
384 1536 476 1564 quum
492 1528 598 1564 procul
616 1528 778 1563 viseretur,
798 1532 882 1558 veste
898 1528 980 1564 regia
997 1531 1131 1562 exornat,

152 1569 356 1605 praebiturum
376 1570 524 1605 speciem,
550 1568 649 1605 ipsum
670 1578 772 1606 regem
795 1570 834 1598 illi
853 1570 937 1606 ripae
958 1568 1133 1606 praesidere

153 1619 208 1639 nee
224 1612 336 1646 agitare
353 1611 391 1639 de
408 1611 542 1640 transitu.
564 1611 660 1640 Huius
675 1611 792 1640 consilii
805 1611 945 1640 effectum
958 1611 1054 1647 primo
1070 1613 1174 1638 mo·22

152 1656 215 1680 rata
232 1657 396 1688 tempestas
416 1656 476 1686 cst,
499 1661 568 1681 mox
585 1652 713 1688 adiuvit,
741 1653 932 1682 incommoda
953 1659 1075 1688 quoque
1094 1651 1133 1680 ad

152 1692 250 1722 bonos
267 1699 393 1722 eventus
411 1698 544 1723 vertente
561 1694 687 1723 fortuna.
711 1694 859 1723 Traiieere
871 1701 987 1722 amnem
1004 1701 1070 1721 cum
1087 1696 1173 1721 σεε-23

153 1734 225 1763 teris
241 1734 338 1770 copiis
354 1734 383 1762 in
400 1734 554 1770 regionem
570 1735 701 1770 insulae,
723 1736 761 1764 de
784 1743 842 1772 qua
864 1738 932 1764 ante
948 1734 1060 1764 dietum
1076 1737 1131 1770 est,

1208 1273 1213 1296 l

1209 1607 1215 1626 t

1209 1640 1215 1668 d

1208 1680 1215 1725 ,l
