1215 1905
104 105 176 135 LIB.
186 104 265 134 VIII.
275 104 426 140 CAP-XII,
438 109 516 134 10-
525 103 607 133 CAP.
615 104 742 140 xiima.
759 114 825 141 [vni¹
835 115 920 134 42—45.
933 113 974 139 z.]
997 101 1060 133 207

70 180 201 210 nominis
231 179 278 210 sui
306 181 384 209 sama
405 183 488 210 ratus
509 180 547 209 ad
576 179 762 210 deditionem
788 187 882 216 posse
907 180 1061 217 compelli,

72 221 152 251 misit
167 222 206 250 ad
229 230 296 251 eum
313 221 514 257 Cleocharen,
538 221 589 258 qui
612 221 804 251 denuntiaret
825 220 867 255 ei,
891 225 924 250 ut
943 221 1056 258 stipen-

70 263 152 293 dium
169 264 317 300 penderet
331 268 361 292 et
375 263 403 292 in
416 263 513 300 primo
527 271 652 293 suorum
667 263 770 292 finium
786 262 869 292 aditu
885 268 1059 293 occurreret

70 304 144 342 regi.
187 305 282 334 Porus
304 305 430 334 alterum
451 313 490 334 ex
510 304 557 334 his
574 305 722 334 facturum
737 312 808 334 sese
830 304 1005 341 respondit,
1026 310 1059 334 ut

39 346 189 377 sinti-anti
213 355 339 384 regnum
361 355 447 376 suum
470 351 591 384 praesto
615 351 714 383 esset,
739 346 794 375 sed
810 350 954 375 armatus.
995 346 1058 376 Iam

70 388 239 426 Hydaspen
249 389 423 418 Alexander
435 396 581 425 superare
594 388 780 423 decreverat,
799 397 890 424 quum
906 388 1057 417 Barzaen-

71 434 126 463 tes,
143 429 323 460 defectionis
337 429 517 459 Arachosiis
534 434 648 465 auctor,
664 429 785 459 vinctus
799 429 980 466 trigintaque
997 430 1057 458 ele-

71 472 174 508 phanti
191 472 279 501 simul
296 471 375 508 capti
391 471 607 508 perducuntur,
624 475 830 508 opportunum
844 471 994 500 adversus
1009 471 1057 500 In—

70 514 128 543 dos
145 513 302 542 auxilium:
321 512 434 550 quippe
450 513 518 550 plus
535 512 564 541 in
580 511 676 541 beluis
695 521 785 549 quam
797 512 827 541 in
839 512 976 541 exercitu
988 513 1055 549 spei

41 558 58 584 4
70 562 105 583 ac
126 555 231 584 virium
248 554 304 584 illis
320 559 392 584 erat.
433 554 661 590 Samamisque,
684 562 738 583 rex
755 553 883 590 exiguae
898 553 994 590 partis
1008 554 1055 582 In-

71 597 193 631 dorum,
221 596 272 633 qui
292 595 452 625 Barzaenti
473 604 507 625 se
529 595 742 631 coniunxerat,
769 596 888 624 vinctus
903 595 1057 624 adductus

40 641 124 667 5est.
168 638 261 674 Igitur
278 638 434 674 transfuga
449 641 478 667 et
492 637 597 674 regulo
618 636 647 666 in
671 636 855 672 custodiam,
884 636 1055 673 elephantis

69 683 170 709 autem
184 679 280 708 Taxili
302 679 434 713 traditis,
457 679 495 708 ad
517 686 635 708 amnem
656 679 824 716 Hydaspen
847 677 1002 714 pervenit,
1024 678 1053 706 in

70 721 156 750 cuius
172 721 314 750 ulteriore
329 720 395 757 ripa
412 720 508 750 Porus
524 720 721 754 consederat,
744 719 870 749 transitu
887 719 1053 756 prohibitu-

39 765 57 792 6
68 771 121 792 rus
137 762 264 792 hostem.
287 762 391 791 LXXX
407 765 437 790 et
446 763 474 790 V
487 761 668 798 elephantos
682 760 842 795 obiecerat,
861 760 971 790 eximio
988 769 1054 790 cor-

68 812 178 840 porum
193 804 318 838 robore,
347 804 486 840 ultraque
501 811 556 832 eos
573 811 680 832 currus
697 802 765 832 CCC
781 807 810 832 et
825 803 960 839 peditum
974 802 1055 831 XXX

68 846 130 875 sere
146 845 241 879 milia,
263 845 292 873 in
309 844 378 881 quis
394 848 479 873 erant
494 844 654 880 sagittarii,
675 843 763 873 sicuti
784 848 854 873 ante
869 844 982 873 dictum
997 849 1052 877 est,

39 889 56 918 7
67 886 258 923 gravioribus
275 885 350 920 telis,
368 894 458 922 quam
473 889 505 914 ut
520 890 590 921 apte
606 885 706 915 excuti
723 889 860 921 possent.
883 886 986 922 Ipsum
1001 894 1052 914 ve-

67 928 158 958 hebat
172 928 361 965 elephantus,
378 935 472 964 super
487 931 604 956 ceteras
617 927 724 956 beluas
740 926 891 961 eminens,
908 935 1053 963 armaque

67 978 142 999 auro
164 974 195 999 et
214 973 338 1005 argento
361 968 502 998 distincta
523 977 636 1005 corpus
658 976 746 997 rarae
767 968 983 1006 magnitudinis
999 969 1051 998 ho-

69 1011 238 1041 nestabant.
281 1010 337 1039 Par
358 1010 475 1039 animus
498 1010 600 1040 robori
616 1010 754 1047 eorporis
777 1014 820 1046 et,
843 1015 955 1047 quanta
977 1010 1054 1039 inter

66 1053 160 1082 rudes
177 1056 296 1088 poterat
312 1060 390 1086 esse,
409 1051 568 1088 sapientia.

38 1098 56 1123 8
152 1093 218 1129 (45)
241 1093 426 1122 Macedonas
442 1101 503 1122 non
520 1098 705 1130 conspectus
721 1093 854 1123 hostium
870 1095 982 1127 solum,
997 1094 1053 1122 sed

69 1135 159 1166 etiam
175 1135 320 1169 fluminis,
346 1135 429 1171 quod
445 1136 662 1164 transeundum
677 1139 754 1169 erat,
769 1134 945 1171 magnitudo
960 1139 1053 1164 terre-

67 1177 128 1206 bat.
163 1177 308 1212 Quattuor
328 1176 358 1205 in
380 1176 565 1206 latitudinem
593 1177 690 1206 stadia
717 1176 876 1211 diffusum,
899 1177 1052 1213 profundo

67 1219 155 1248 alveo
178 1223 208 1248 et
229 1226 378 1255 nusquam
405 1218 484 1247 vada
509 1218 679 1255 aperiente,
705 1218 840 1255 speeiem
862 1218 939 1248 vasti
961 1218 1052 1247 maris

38 1261 189 1290 9l'ecerat.
231 1260 293 1288 Nec
314 1268 368 1296 pro
390 1259 488 1296 spatio
505 1269 653 1296 aquarum
668 1261 726 1289 late
742 1259 944 1296 stagnantium
959 1259 1052 1296 impe-

67 1307 128 1331 tum
146 1301 320 1335 coercebat,
337 1301 407 1336 sed,
431 1301 518 1337 quasi
533 1301 561 1330 in
578 1307 674 1331 artum
691 1301 870 1331 coeuntibus
887 1301 976 1338 ripis,
991 1306 1052 1331 tor-

67 1351 137 1372 rens
153 1347 183 1372 et
197 1343 290 1372 elisus
307 1343 473 1376 ferebatur,
497 1343 678 1380 occultaque
701 1351 776 1372 saxa
790 1342 894 1373 inesse
910 1344 1051 1373 ostende-

0 1384 9 1412 Ι
27 1385 136 1414 lobant
158 1385 294 1421 pluribus
315 1383 392 1413 locis
414 1385 514 1413 undae
534 1393 746 1421 repercussae.
796 1384 968 1414 Terribilior
989 1389 1053 1413 erat

68 1427 161 1455 facies
177 1427 270 1463 ripae,
288 1434 379 1462 quam
395 1426 465 1462 equi
479 1424 596 1463 virique
608 1427 843 1463 compleverant.
868 1426 993 1455 Stabant
1008 1426 1052 1454 in-

66 1472 173 1504 gentes
189 1472 346 1497 vastorum
367 1475 531 1504 corporum
545 1468 642 1497 moles
658 1472 688 1497 et
704 1468 742 1497 de
757 1467 905 1497 industria
919 1467 1053 1496 irritatae

27 1509 218 1539 libori-endo
236 1509 364 1538 stridore
381 1517 472 1538 aures
489 1508 661 1546 fatigabant.
684 1510 760 1538 Hinc
775 1508 886 1544 amnis,
905 1508 975 1538 hinc
998 1509 1052 1538 ho-

67 1551 122 1580 stis
139 1550 264 1587 capacia
282 1550 405 1587 quidem
420 1551 519 1580 bonae
542 1551 607 1588 spei
630 1555 755 1587 pectora
777 1555 806 1580 et
827 1558 922 1587 saepe
945 1558 978 1579 se
1000 1558 1052 1579 ex-

67 1597 152 1629 perta
180 1592 349 1629 improviso
379 1596 477 1622 tamen
512 1601 626 1629 pavore
654 1596 879 1629 percusserant.
933 1591 1052 1628 Quippe

65 1633 213 1663 inhabiles
229 1638 309 1663 rates
324 1642 380 1663 nec
393 1634 479 1671 dirigi
492 1635 529 1663 ad
542 1634 639 1671 ripam
652 1642 709 1663 nec
721 1638 784 1663 tuto
797 1633 944 1671 applicari
957 1642 1051 1670 posse

26 1679 57 1704 12
65 1675 238 1705 credebant.
261 1676 354 1705 Erant
369 1675 398 1704 in
415 1676 515 1704 medio
532 1684 619 1705 amne
634 1675 753 1705 insulae
769 1676 909 1709 crebrae,
926 1675 955 1704 in
974 1684 1051 1711 quas

64 1721 94 1745 et
115 1717 181 1746 Indi
202 1721 231 1747 et
251 1717 436 1747 Macedones
458 1722 581 1749 nantes,
605 1717 711 1746 levatis
728 1725 821 1755 super
836 1717 935 1754 capita
951 1717 1051 1752 armis⁷
