1215 1905
92 51 155 83 114
433 52 466 87 Q.
490 52 644 81 CURTII
667 51 776 81 RUFI

90 131 154 159 eius
172 129 272 165 riqida
290 129 402 157 cervice
425 128 610 156 subeuntibus
632 127 779 162 barbaris,
802 130 943 164 tempore,
965 129 1078 164 milites,

91 179 164 208 opus
175 175 224 205 est,
238 171 306 198 dum
317 169 478 198 mitioribus
489 170 614 205 inqeniis
626 169 800 204 imbuantur,
816 172 843 197 et
853 168 991 204 efferatos
1002 171 1078 199 mol-

91 215 148 242 lior
160 211 335 241 consuetudo
341 212 533 248 permulceat.
555 211 671 246 Fruqes
682 218 793 246 quoque
804 211 1000 239 maturitatem
1011 215 1076 240 sta-
1089 215 1108 242 7

92 258 151 283 tuto
174 258 302 289 tempore
319 255 491 289 expectant:
513 253 587 281 adeo
603 253 690 280 etiam
712 253 764 280 illa
785 259 887 280 sensus
905 253 996 280 omnis
1020 261 1078 281 ex-

90 297 188 332 pertia
207 298 303 323 tamen
321 303 375 323 sua
395 295 458 330 lcqe
475 295 633 323 mitescunt.
667 291 764 327 Quid?
778 293 913 327 creditis,
932 296 970 322 tot
977 297 1108 329 centes&

93 338 214 366 alterius
226 338 348 373 imperio
360 345 396 364 ac
410 337 524 364 nomine
534 338 673 369 assuetas,
689 343 746 363 non
757 336 859 369 sacris,
871 342 930 363 non
941 335 1076 369 moribus,

93 387 149 408 non
161 380 332 407 commercio
344 380 462 413 linquae
474 378 619 406 nobiscum
630 377 830 410 cohaerentes,
847 376 946 405 eodem
962 377 1077 412 proelio

93 421 216 449 domitas
228 428 296 454 esse,
309 428 364 456 quo
377 421 469 448 victae
480 417 567 447 sunt?
593 419 701 447 Vestris
713 420 805 446 armis
816 419 1008 453 continentur,
1021 425 1079 446 non

93 463 152 491 suis
168 462 307 496 moribus,
331 465 358 490 et
378 462 429 497 qui
442 464 610 497 praesentes
628 463 762 494 metuunt,
786 461 816 488 in
836 460 967 488 absentia
982 460 1076 488 hostes

91 507 186 532 erunt.
221 503 290 532 Cum
298 503 375 538 feris
386 504 480 531 bestiis
491 510 538 531 res
549 506 604 535 est,
617 510 691 538 quas
701 506 804 538 captas
814 504 843 530 et
852 502 994 536 inclusas,
1007 502 1078 537 quia

92 547 224 582 ipsarum
236 548 346 573 natura
358 553 414 573 non
420 548 523 580 polest,
538 545 653 579 lonqior
665 544 727 572 dies
741 544 862 578 mitiqat.

174 586 219 622 (8)
240 587 279 615 Et
296 587 394 615 adlzuc
411 588 453 615 sic
471 594 541 621 ayo,
564 589 702 621 tanquam
714 586 811 613 omnia
822 585 941 613 subacta
953 585 1010 612 sint
1020 592 1075 612 ar-
1086 588 1104 613 9

91 630 159 664 mis,
178 637 254 664 quae
261 628 388 664 fuerunt
398 630 428 656 in
439 628 546 656 ditione
558 627 657 656 Darei.
686 627 870 663 Hyrcaniam
883 626 1076 654 Nabarzanes

92 671 260 706 oceupam't:
283 670 399 698 Bactra
410 677 467 698 non
476 669 608 705 possidet
617 670 707 697 solum
714 668 873 704 parricida
886 667 1008 702 Bessus,
1025 667 1080 696 sed

90 714 177 741 etiam
189 713 333 740 minatur:
352 711 507 747 Soqdiani,
525 711 644 745 Dahae,
663 710 865 745 Massaqeme,
883 709 993 744 Sacae,
1006 709 1079 737 Indi

91 755 138 782 sui
154 755 227 782 iuris
244 757 318 782 sunt.
365 753 468 781 Omnes
486 753 518 781 Izi
524 775 530 786 ‚
542 753 629 780 simul
640 755 723 787 terqa
735 756 834 780 nostra
848 751 1076 785 viderintsinse—

93 799 225 831 quentur.
265 795 318 823 Illi
327 796 402 823 enim
413 795 540 823 eiusdem
552 794 678 821 nationis
688 797 768 828 sunt,
791 801 842 821 nos
853 793 1037 827 alieniqenae
1047 796 1074 820 et
1084 796 1115 820 10

91 838 214 866 externi.
258 836 325 865 Suis
336 837 455 872 quisque
466 838 561 864 autem
569 835 719 871 placidius
727 838 830 870 paret,
854 835 941 862 etiam
952 841 1039 869 quum
1051 834 1075 861 is

89 882 221 916 praeest,
241 880 292 914 qui
304 879 397 913 maqis
409 878 505 906 timeri
510 879 611 913 potest.
633 876 761 905 Proinde
773 879 837 910 aut,
850 883 926 911 quae
936 876 1072 911 cepimus,

91 921 248 950 omittenda
259 924 333 954 sunt,
346 923 411 954 aut,
433 927 508 955 quae
520 926 577 946 non
591 918 737 952 habemus,
748 917 933 953 occupanda.
955 916 1036 945 Sicut
1047 917 1076 944 in
1088 920 1117 945 11

90 963 261 999 corporibus
273 963 385 997 aeqris,
397 962 513 995 milites,
533 960 608 988 nillil
615 982 621 993 ‚
640 959 719 995 quod
728 960 891 988 nociturum
902 961 959 993 est,
972 958 1078 986 medici

92 1006 267 1040 relinquunt,
279 1005 321 1032 sic
333 1011 392 1037 nos,
405 1002 546 1039 quicquid
555 1002 647 1030 obstat
659 1002 788 1036 imperio,
800 1000 975 1029 recidamus.
994 999 1076 1028 Par—

92 1055 128 1074 va
146 1054 234 1082 saepe
255 1046 382 1074 scintilla
403 1046 566 1079 contempta
585 1050 723 1078 maynum
744 1043 884 1071 excitavit
903 1041 1078 1070 incendium.

93 1088 174 1116 Nihil
189 1091 247 1116 tuto
265 1089 294 1116 in
310 1087 389 1115 hoste
406 1087 581 1122 despicitur:
604 1092 687 1121 quem
709 1085 868 1120 spreveris,
890 1084 1077 1111 valentiorem

92 1130 269 1165 neqliyentia
277 1128 384 1164 facies.
427 1127 470 1156 Ne
482 1128 598 1156 Dareus
615 1126 730 1162 quidem
742 1125 952 1154 hereditarium
965 1124 1077 1152 Persa-
1087 1126 1118 1151 12

92 1179 158 1200 rum
170 1172 283 1207 accepit
300 1171 468 1206 imperium,
492 1169 545 1197 sed
561 1170 589 1196 in
608 1168 704 1196 sedem
718 1167 788 1204 Cyri
797 1167 933 1201 beneficio
944 1165 1074 1201 Baqoae,

91 1214 216 1242 castrati
235 1213 372 1245 hominis,
396 1212 556 1239 admissus:
582 1218 618 1238 ne
629 1217 676 1238 vos
698 1217 805 1244 mayno
826 1208 926 1237 labore
948 1207 1076 1236 credatis

93 1255 216 1283 Bessum
229 1261 350 1282 vacuum
361 1260 483 1288 reynum
494 1254 713 1287 occupaturum.

171 1295 216 1331 (9)
237 1296 295 1324 Nos
307 1302 374 1323 vero
381 1295 576 1330 peccavimus,
590 1293 699 1325 milites,
711 1293 739 1320 si
747 1292 875 1320 Dareum
888 1290 922 1319 ob
933 1290 987 1318 Izoc
1000 1290 1074 1318 vici-
1086 1292 1117 1317 13

93 1346 170 1371 mus,
188 1341 220 1366 ut
230 1344 312 1366 servo
323 1338 385 1365 eius
396 1336 578 1364 traderemus
590 1334 759 1369 imperium:
777 1333 828 1368 qui
846 1333 975 1360 ultimum
988 1339 1078 1359 ausus

93 1381 186 1409 scelus
205 1387 303 1414 reyem
320 1385 418 1411 suum,
439 1378 526 1406 etiam
541 1379 682 1404 externae
702 1376 765 1411 opis
776 1377 918 1409 epentem,
941 1376 1019 1401 certe
1030 1373 1079 1401 cui

94 1430 144 1450 nos
156 1422 277 1450 victores
283 1421 524 1457 pepercissemus,
538 1419 623 1454 quasi
635 1418 781 1452 captivum
793 1417 823 1444 in
835 1416 956 1444 vinculis
968 1414 1076 1447 habuit,

94 1464 136 1491 ad
146 1464 291 1496 ultimum,
313 1470 349 1490 ne
360 1469 379 1490 a
391 1462 472 1490 nobis
482 1460 653 1489 conservari
658 1461 769 1494 posset,
793 1457 908 1486 occidit.
931 1456 1019 1484 Hunc
1030 1462 1078 1483 vos
1086 1458 1118 1483 14

93 1513 222 1541 regnare
246 1505 415 1540 patiemini,
445 1510 528 1538 quem
556 1501 688 1536 equidem
716 1501 800 1528 cruci
828 1498 957 1533 affixum
982 1497 1080 1525 videre

95 1546 213 1581 festino,
235 1546 365 1574 omnibus
377 1544 493 1580 reqibus
502 1543 692 1579 (sentibusque
704 1545 732 1570 et
741 1541 811 1573 fidei
817 1563 822 1575 ,
845 1547 933 1576 quam
951 1539 1074 1571 violavit,

93 1590 213 1617 meritas
221 1595 295 1624 poen
300 1595 333 1615 as
346 1588 497 1615 solventem
506 1584 521 1613 ζ)
540 1585 579 1613 At
588 1585 714 1618 hercule,
726 1584 753 1612 si
762 1590 830 1611 mox
841 1581 964 1610 eundem
979 1580 1076 1608 Grae—
1086 1583 1117 1607 15

92 1637 193 1659 corum
210 1629 297 1658 urbes
315 1632 367 1657 aut
382 1628 598 1664 Hellespontum
613 1629 729 1654 vastare
746 1624 908 1652 nuntiatum
926 1623 983 1650 erit
993 1621 1074 1650 vobis.

93 1680 149 1708 quo
162 1672 260 1700 dolore
275 1670 460 1704 efficiemini,
482 1669 604 1697 Bessum
618 1667 758 1704 praemia
769 1668 881 1694 vestrae
892 1663 1078 1699 occupavisse
