1215 1905
169 153 234 183 202
505 153 538 189 Ω.
563 153 720 182 CURTll
744 154 851 183 RUF1

173 235 280 258 evulso
302 227 459 257 admoveri
481 235 592 264 equum
613 228 715 259 iussit:
743 238 803 266 quo
825 233 945 265 vectus,
972 238 1009 258 ne
1025 229 1156 267 obIIgato

173 271 296 306 quidem
312 270 447 304 vulnere,
463 269 544 298 haud
560 271 684 307 segnius
701 270 852 300 destinata
868 271 1085 307 exequebatur.
1103 272 1198 301 (ΣΘ-29

172 317 268 340 terum
291 320 383 347 quum
405 319 474 340 crus
496 312 631 341 saucium
652 313 814 349 penderet,
836 317 879 347 et,
902 320 1010 341 cruore
1031 312 1155 348 siccato,

173 353 341 388 frigescens
357 353 468 382 vulnus
483 358 662 389 aggravaret
683 354 833 389 dolorem,
855 354 973 383 dixisse
994 354 1100 389 fertur,
1122 363 1156 384 se

173 394 295 430 quidem
311 394 392 424 lovis
408 394 501 423 filium
518 395 592 430 dici,
614 395 669 424 sed
685 395 822 432 corporis
844 395 926 431 aegri
949 395 1020 425 vitia
1035 396 1155 425 sentire.

171 436 237 465 Non
259 440 357 465 tamen
380 440 449 464 ante
471 444 505 464 se
526 436 642 473 recepit
662 437 691 465 in
713 441 826 472 castra,
854 446 943 473 quam
965 441 1074 466 cuncta
1092 441 1200 474 per-30

173 477 274 513 spexit
290 482 326 507 et.
345 486 422 512 quae
439 477 503 506 fieri
517 479 614 513 vellet,
630 478 733 507 edixit.

256 518 323 554 (38)
348 519 443 555 Ergo⁷
469 519 548 548 sicut
568 520 745 556 imperatum
768 523 845 554 orat,
874 519 923 548 alii
946 524 1031 549 extra
1052 520 1156 549 urbem

172 565 251 589 tecta
265 559 465 589 moliebantur
481 561 693 597 ingentemque
709 561 768 590 vim
785 560 928 589 materiae
951 561 1090 590 faciendo
1105 569 1156 598 ag-

171 602 235 638 geri
252 602 465 637 detrahebant,
481 603 528 630 alii
547 611 721 639 magnarum
736 602 877 631 arborum
893 602 1010 639 stipites
1026 611 1094 632 cum
1109 611 1155 631 ra-

171 643 227 672 mis
250 651 285 672 ac
307 643 403 672 moles
426 652 567 672 saxorum
592 644 621 672 in
638 652 785 673 cavernas
802 644 992 673 deiiciebant.
1033 645 1196 681 Iamque3l

171 692 263 720 agger
289 689 474 720 aequaverat
495 693 630 714 summae
652 685 803 722 fastigium
829 689 941 714 terrae:
973 685 1075 722 itaque
1096 689 1156 715 tur-

171 734 220 755 res
236 725 442 762 erigebantur:
467 735 545 762 quae
566 735 661 763 opera
682 726 796 763 ingenti
815 726 940 756 militum
955 727 1065 757 ardore
1079 727 1156 756 intra

172 775 283 796 nonum
300 767 379 796 diem
396 767 534 797 absoluta
550 772 628 797 sunt.
670 769 719 797 Ad
735 777 771 797 ea
786 768 913 797 visenda
928 777 997 803 rex,
1021 769 1156 798 nondum

171 809 303 838 obducta
318 809 434 838 vulneri
450 809 604 845 cicatrice,
627 809 778 846 processit
799 810 990 846 laudatisque
1011 809 1155 839 militibus
1202 812 1208 817 ’“

170 850 327 879 admoveri
344 850 499 880 machinas
515 850 617 886 iussit,
637 859 654 879 e
670 851 779 887 quibus
796 851 902 887 ingens
920 851 966 879 vis
983 852 1110 881 telorum
1125 851 1154 879 in
1193 866 1211 890 5⁴

169 896 414 928 propugnatores
431 891 529 921 effusa
545 897 599 921 est.
622 892 788 928 Praecipue
803 893 894 921 rudes
911 893 1013 921 talium
1029 901 1154 929 operum
1163 893 1213 927 &Vi

169 934 323 962 terrebant
338 933 464 962 mobiles
480 937 588 969 turres,
605 938 764 970 tantasque
784 934 879 963 moles
896 934 977 962 nulla
989 942 1057 970 ope,
1076 942 1155 970 quae
1190 944 1209 974 ι

171 980 359 1009 cerneretur,
382 975 520 1003 admotas
544 976 669 1004 deorum
685 975 807 1004 numine
822 975 871 1011 agi
893 975 1071 1004 credebant:
1095 975 1156 1012 pila
1188 977 1191 999 t

173 1024 296 1052 quoque
313 1016 438 1045 muralia
453 1020 483 1044 et
498 1024 648 1046 excussas
670 1016 827 1045 tormentis
850 1012 1035 1052 praegraves
1050 1016 1154 1046 hastas
1185 1001 1189 1055 f
1205 1031 1207 1038 v

172 1058 324 1094 negabant
339 1057 502 1086 convenire
518 1057 704 1087 mortalibus.
747 1058 867 1094 ltaque,
889 1058 1052 1093 desperata
1072 1057 1179 1087 urbis3
1201 1072 1203 1080 ι

172 1099 276 1133 tutela,
305 1107 488 1128 concessere
509 1099 538 1128 in
560 1107 670 1128 arcem.
712 1099 802 1134 Inde,
829 1099 900 1135 quia
920 1098 992 1127 nihil
1016 1098 1154 1128 obsessis
1200 1123 1201 1126 ,

171 1145 291 1176 praeter
307 1140 492 1169 deditionem
507 1141 663 1177 placebat,
690 1141 779 1177 legati
801 1141 840 1169 ad
861 1148 963 1177 regem
987 1140 1154 1169 descende-

170 1187 253 1215 runt,
282 1182 401 1211 veniam
424 1182 553 1218 petituri.
596 1182 661 1218 Qua
684 1182 840 1218 impetrata
860 1182 966 1218 regina
985 1181 1068 1210 venit
1089 1185 1173 1211 (tamt=

171 1231 279 1259 magno
297 1223 441 1253 nobilium
459 1223 636 1252 feminarum
652 1232 758 1260 grege,
782 1223 883 1252 aureis
906 1222 1018 1259 pateris
1034 1222 1106 1251 vina
1121 1222 1153 1251 li-

169 1264 313 1294 bantium.
343 1266 428 1301 Ipsa,
445 1265 573 1301 genibus
589 1265 670 1301 regis
687 1273 781 1301 parvo
799 1265 858 1294 filio
876 1266 1012 1299 admoto,
1030 1272 1089 1293 non
1104 1268 1169 1293 κιο-Ξ

171 1305 250 1334 niam
264 1306 363 1341 modo,
380 1306 435 1335 sed
449 1306 536 1335 etiam
551 1306 696 1342 pristinae
712 1307 850 1335 fortunae
862 1305 1035 1343 impetravit
1049 1306 1154 1335 decus.

171 1346 289 1384 Quippe
310 1348 463 1383 appellata
483 1347 588 1384 regina
610 1352 670 1376 est:
693 1352 722 1376 et
743 1348 900 1376 credidere
923 1347 1060 1383 quidam,
1084 1347 1171 1383 plus

171 1390 285 1417 formae
313 1397 403 1425 quam
428 1388 613 1418 miserationi
640 1389 750 1418 datum.
804 1389 899 1418 Puero
927 1397 1050 1425 quoque
1076 1392 1176 1417 certe
1201 1400 1215 1423 ll:

171 1433 279 1466 postea
294 1438 332 1459 ex
349 1438 385 1459 ea
400 1434 554 1467 utcunque
570 1430 671 1467 genito
688 1431 862 1459 Alexandro
880 1430 933 1459 suit
949 1438 1069 1459 nomen.
1167 1417 1170 1440 '¹

604 1529 696 1558 CAP.
720 1530 769 1558 XI.

170 1684 270 1709 menta
283 1681 460 1716 compulsos
474 1685 598 1710 secutus
610 1680 714 1709 urbem
727 1681 756 1709 in
769 1680 912 1710 ditionem
923 1678 1047 1716 redegit.
1062 1680 1150 1708 Multa

171 1721 316 1758 ignobilia
332 1722 446 1758 oppida
459 1723 580 1751 deserta
592 1730 610 1751 a
624 1721 687 1751 suis
703 1730 815 1751 venere
827 1721 855 1751 in
868 1720 949 1757 regis
961 1725 1153 1759 potestatem
