1215 1905
103 87 161 118 116
437 89 469 124 Q.
493 89 647 118 cURTlt
668 89 776 118 RUFI

101 163 251 194 coercitus
266 163 341 200 ripis
357 164 412 193 iter
427 162 522 200 cogit:
539 164 658 193 tandem
674 163 704 193 in
720 165 845 194 alterum
856 173 974 195 amnem
989 166 1077 202 cadit,

101 204 150 235 cui
165 205 303 241 Ridagno
317 213 426 234 nomen
443 209 498 235 est.
520 205 641 235 Incolae
653 205 859 244 affirmabant,
875 215 1077 244 quaecunque
1089 211 1105 238 7

101 245 235 275 demissa
249 249 353 275 essent
367 246 397 275 in
413 254 587 281 cavernam,
613 254 691 283 quae
706 247 833 284 propior
847 252 894 277 est
909 248 997 284 fonti,
1013 257 1076 278 rur-

101 296 162 322 sus,
180 287 231 316 ubi
246 287 328 316 aliud
343 295 378 317 os
394 287 490 316 amnis
506 288 646 324 aperitur,
663 288 804 318 existere.
827 289 930 326 ltaque
945 290 1077 319 Alexan—

101 329 155 357 der
170 329 248 358 duos
265 332 382 364 tauros,
405 337 464 364 qua
479 329 610 358 subeunt
624 337 723 365 aquae
738 334 862 366 terram,
885 330 1077 368 praecipitari

100 370 196 399 iubet:
222 378 351 406 quorum
366 377 510 406 corpora,
536 370 586 399 ubi
601 378 706 399 rursus
728 371 868 408 erumpit,
892 373 1020 408 expulsa
1035 372 1078 401 vi-

100 412 181 446 dere,
199 411 250 447 qui
265 410 350 440 missi
366 415 459 445 erant,
476 415 508 440 ut
522 411 706 447 exciperent.

182 451 248 488 (ll)
271 451 413 488 Quartum
434 453 492 481 iam
513 453 592 481 diem
613 453 720 482 eodem
741 454 808 482 loco
836 453 966 490 quietem
994 454 1106 485 militis

101 493 233 529 dederat,
250 502 341 530 quum
353 493 466 523 litteras
478 493 670 529 Nabarzanis,
687 493 739 530 qui
754 495 882 524 Dareum
899 503 966 524 cum
978 496 1076 525 Besso

99 534 313 572 interceperat,
334 535 456 571 accipit,
473 543 599 571 quarum
616 535 763 565 sententia
778 536 854 564 haec
870 540 947 565 erat:
971 545 1004 566 se
1020 537 1076 566 Da-

98 579 150 605 reo
167 584 227 605 non
244 575 340 605 fuisse
360 576 527 613 inimi<3um‚
554 576 643 605 immo
667 577 771 613 etiam,
798 585 876 613 quae
898 577 1078 608 credidisset

99 617 181 646 utilia
197 625 283 652 esse,
310 617 447 647 suasisse
463 622 506 653 et,
529 618 600 654 quia
616 618 706 647 fidele
721 618 881 647 consilium
896 618 960 655 regi
976 619 1077 649 dedis-

99 662 158 693 set,
182 667 278 695 prope
294 658 429 688 occisum
444 659 481 688 ab
497 667 543 688 eo.
586 659 728 695 Agitasse
743 660 886 695 Dareum,
909 660 1077 690 custodiam
1090 666 1106 692 9

99 699 237 736 corporis
262 699 309 729 sui
336 704 440 729 contra
464 700 511 729 ius
534 701 642 737 sasque
662 700 822 737 peregrino
845 700 928 730 militi
948 702 1076 733 tradere.

100 741 241 771 damnata
255 742 446 778 popularium
462 742 537 777 fide,
563 750 653 778 quam
674 750 729 778 per
749 743 898 772 ducentos
915 746 944 772 et
959 742 1078 779 triginta

98 791 195 812 annos
211 782 384 812 inviolatam
402 782 525 819 regibus
541 783 605 812 suis
621 782 852 820 praestitissent.
889 784 930 813 Se
944 783 974 812 in
991 793 1076 821 prae·
1088 791 1118 815 10

100 823 181 860 cipiti
197 829 226 853 et
241 824 355 853 lubrico
372 827 500 854 stantem
516 824 676 853 consilium
691 832 710 853 a
724 824 878 860 praesenti
894 825 1076 855 necessitate

101 866 258 902 repetisse.
282 866 410 894 Dareum
427 873 558 902 quoque,
577 873 669 901 quum
685 865 850 895 occidisset
865 867 1002 902 Bagoan,
1019 867 1075 895 hac

98 906 295 935 excusatione
322 906 508 936 satisfecisse
535 906 746 943 popularibus,
776 907 859 943 quod
885 906 1076 937 insidiantem

100 947 155 977 sibi
168 947 377 977 interemisset.
401 948 477 976 Nihil
493 956 563 977 esse
579 947 696 977 miseris
712 947 889 977 mortalibus
905 948 1011 985 spiritu
1027 956 1075 977 ca·
1088 956 1117 980 11

98 988 169 1017 rius.
198 990 309 1018 Amore
325 989 389 1018 eius
406 989 443 1017 ad
461 989 561 1018 ultima
577 997 648 1018 esse
664 989 852 1025 propulsum.
887 989 947 1018 Sed
963 998 999 1018 ea
1016 998 1075 1018 ma-

99 1030 143 1066 gis
160 1038 230 1059 esse
247 1034 397 1065 secutum,
421 1038 498 1066 quae
515 1030 667 1066 coegisset
685 1029 868 1065 necessitas,
892 1039 981 1067 quam
998 1039 1075 1067 quae

98 1075 245 1107 optasset.
287 1072 319 1099 In
343 1071 493 1100 communi
515 1071 681 1100 calamitate
696 1079 782 1100 suam
799 1080 950 1108 quemque
966 1072 1118 1103 haberem

100 1113 256 1142 fortunam.
290 1112 321 1141 Si
337 1112 439 1141 venire
455 1121 488 1142 se
505 1112 628 1147 iuberet,
645 1112 711 1141 sine
726 1117 807 1142 metu
822 1121 893 1142 esse
907 1117 1075 1142 venturum.

97 1154 162 1183 Non
184 1154 302 1189 timere,
330 1162 367 1183 ne
389 1154 479 1183 fidem
501 1155 600 1183 datam
616 1158 715 1183 tantus
730 1162 785 1183 rex
802 1154 941 1184 violaret:
968 1155 1043 1184 deos
1059 1164 1076 1184 a

98 1196 155 1224 deo
171 1194 231 1223 salii
244 1204 303 1224 non
318 1196 426 1224 solere.
451 1196 587 1224 Ceterum
600 1195 634 1229 si,
652 1195 699 1224 cui
712 1196 801 1224 fidem
815 1196 907 1230 daret,
926 1195 1078 1225 videretur
1090 1201 1116 1226 13
1158 1206 1160 1209 ·

98 1236 254 1272 indignus,
271 1238 362 1266 multa
378 1236 467 1265 exilia
482 1241 585 1273 patere
603 1236 741 1272 fugienti:
769 1237 893 1273 patriam
911 1245 996 1273 esse,
1011 1237 1076 1266 ubi-

98 1285 218 1314 cunque
230 1277 276 1306 vir
289 1278 373 1307 fortis
388 1278 491 1307 sedem
504 1277 562 1306 sibi
575 1277 706 1313 elegerit.
720 1277 779 1306 Nec
791 1278 937 1307 dubitarit
946 1279 1076 1307 Alexan-
1086 1283 1116 1309 Η

98 1319 152 1347 der
164 1319 262 1353 fidem,
280 1327 339 1355 quo
353 1319 461 1348 Persae
475 1319 564 1348 modo
577 1318 774 1354 accipiebant,
791 1319 870 1351 dare,
889 1318 1073 1355 inviolatum,

98 1360 123 1388 si
140 1360 281 1393 venisset,
300 1361 371 1389 fore.

180 1401 245 1437 (12)
266 1401 415 1437 Quadrato
433 1405 529 1430 tamen
546 1401 663 1437 agmine
680 1405 708 1429 et
722 1401 890 1437 composito
908 1401 983 1437 ibat,
1005 1410 1075 1438 spe-

98 1444 248 1472 culatores
262 1442 390 1472 subinde
402 1442 604 1479 praemittens,
619 1442 671 1478 qui
683 1443 877 1478 explorarent
887 1443 963 1471 loca.
987 1442 1077 1472 Levis
1089 1447 1114 1473 li

97 1488 247 1513 armatura
265 1484 394 1513 ducebat
409 1491 531 1519 agmen,
550 1484 682 1520 phalanx
704 1491 769 1512 eam
791 1484 989 1520 sequebatur,
1007 1488 1077 1520 post

99 1525 216 1561 pedites
238 1529 322 1554 erant
337 1524 559 1562 impedimenta.
603 1525 638 1553 Et
653 1532 729 1561 gens
744 1524 890 1553 bellicosa
905 1529 934 1554 et
951 1529 1074 1554 naturae

98 1566 174 1595 situs
190 1565 322 1595 difficilis
337 1567 419 1595 aditu
435 1575 536 1595 curam
552 1565 631 1602 regis
647 1566 823 1595 intenderat.
857 1566 991 1602 Namque
1007 1574 1072 1602 per·
1086 1569 1111 1599 le

98 1612 188 1643 petua
203 1609 299 1636 valles
314 1608 405 1643 iacet,
429 1616 526 1644 usque
547 1608 585 1636 ad
601 1615 682 1636 mare
698 1607 839 1643 Caspium
856 1611 972 1643 patens.
1007 1607 1072 1636 Duo

98 1654 194 1678 terrae
210 1649 274 1678 eius
290 1650 372 1678 velut
387 1649 509 1678 brachia
530 1652 707 1678 excurrunt:
729 1647 828 1677 media
850 1647 931 1676 flexu
953 1648 1072 1677 modico

99 1689 194 1719 smum
229 1690 340 1719 faciunt.
369 1691 457 1719 lunae
490 1690 618 1719 maxime
647 1689 789 1725 similem,
821 1698 911 1726 quum
942 1689 1075 1719 eminent
