1215 1905
188 135 258 164 LlB.
274 135 326 163 Vl.
348 135 428 164 CAP.
445 135 494 169 lV,
511 134 666 165 6—GAP.
681 134 718 170 V,
736 139 759 164 1.
783 143 830 170 tvi,
846 143 927 165 io-u.
945 142 982 169 z.]
1044 131 1104 162 117

77 215 249 245 i7eornua,
272 211 404 240 nondum
429 214 521 239 totum
539 210 643 239 orbem
660 209 759 238 sidere
777 209 927 246 implente.
961 208 1104 237 Cercetae

121 257 150 282 et
165 252 286 291 Mosyni
303 257 332 281 et
348 251 498 290 Chalybes
514 260 530 279 a
548 252 634 280 laeva
650 256 735 284 sunt,
757 251 795 279 ab
817 251 911 280 altera
926 254 1011 286 parte
1027 250 1102 279 Leu-

122 293 224 332 cosyri
236 298 265 323 et.
278 294 465 323 Amazonum
478 292 592 329 campi:
608 296 637 321 et
652 292 730 326 illos,
749 301 808 328 qua
821 292 918 329 vergit
929 292 968 320 ad
981 297 1103 328 septen-

83 339 115 366 18
125 335 264 369 trionem,
287 335 344 364 hos
360 335 397 364 ad
414 342 557 364 occasum
574 342 724 363 conversa
742 338 926 370 prospectat.
948 333 1032 362 Mare
1050 333 1103 362 Ca-

123 377 222 413 spium
250 376 368 406 dulcius
398 376 506 405 ceteris
540 376 670 411 ingentis
701 375 917 411 magnitudinis
944 379 1103 411 serpentes

123 418 188 448 alit:
205 418 332 454 piscium
349 418 378 446 in
394 426 431 447 co
448 418 537 454 longe
553 417 695 446 diversus
711 417 748 445 ab
764 417 831 446 aliis
847 418 933 447 color
948 421 1003 446 est.
1034 417 1103 452 Qui-

123 460 191 488 dam
206 460 355 496 Caspium,
372 459 494 496 quidam
509 459 693 497 Hyrcanium
705 459 874 495 appellant:
890 458 941 487 alii
957 462 1035 493 sunt,
1053 458 1103 495 qui

122 501 282 530 Maeotiam
304 502 443 538 paludem
465 501 495 529 in
517 500 547 529 id
569 501 679 529 cadere
702 505 821 536 putent:
845 505 874 530 et
894 505 1103 537 argumentum

121 542 251 572 afferunt
265 551 388 579 aquam,
406 543 488 579 quod
504 543 621 571 dulcior
636 542 690 574 sit,
707 550 796 578 quam
812 548 912 571 cetera
929 541 1037 570 maria:
1059 541 1103 570 in-

83 588 114 614 19
123 585 190 614 fuso
207 584 327 621 paludis
343 585 468 613 humore
483 584 651 613 mitescere.
685 586 710 612 A
727 584 934 620 septentrione
951 583 1058 620 ingens
1072 583 1101 612 in

123 626 191 655 litus
213 634 294 655 mare
315 626 459 655 incumbit
481 627 631 662 longeque
647 625 708 661 agit
724 625 834 654 fluetus
850 630 879 654 et
894 633 1003 662 magna
1019 630 1104 661 parte

122 672 307 697 exaestuans
321 672 447 704 stagnat.
470 668 553 696 Idem
565 667 623 695 alio
640 667 717 696 coeli
735 671 813 696 statu
829 666 936 703 recipit
948 667 976 695 in
994 675 1028 695 se
1045 667 1102 696 sre-

122 714 183 738 tum
199 710 369 745 eodemque
385 709 514 744 impetu.
538 717 597 744 quo
614 708 744 737 effusum
761 713 822 743 est,
838 709 978 737 relabens
994 713 1103 737 terram

121 755 245 779 naturae
260 759 334 780 suae
350 751 457 779 reddit.
498 750 535 779 Et
550 750 670 786 quidam
688 750 860 781 credidere,
883 758 943 779 non
961 750 1102 786 Caspium

122 799 204 820 mare
220 800 300 827 esse,
317 792 372 821 sed
388 800 426 820 ex
443 792 526 820 India
540 792 569 819 in
588 791 769 828 Hyrcaniam
781 792 899 825 cadere,
917 791 1004 821 cuius
1020 791 1100 821 sasti-

119 833 209 870 gium,
227 838 258 862 ut
274 841 368 869 supra
384 833 495 862 dictum
511 837 566 865 est,
583 837 732 869 perpetua
746 834 824 861 valle
840 833 1042 862 summittitur.

77 879 111 905 20
193 874 260 909 (13)
282 875 357 903 Hinc
379 883 430 903 rex
454 874 505 902 XX
527 874 624 903 stadia
646 874 797 910 processit
819 875 925 904 semita
941 883 1102 911 propemo-

121 917 190 945 dum
213 916 308 945 invia,
332 916 379 944 cui
401 916 478 944 silva
499 915 686 950 imminebat,
709 920 922 953 torrentesque
941 921 969 946 et
985 916 1102 946 eluvies

120 959 175 986 iter
190 958 391 986 morabantur.
424 957 510 987 Nullo
528 962 625 986 tamen
642 957 730 986 hoste
747 958 853 994 obvio,
869 963 1022 995 penetrat⁷
1039 963 1102 987 tan-

77 1004 107 1029 21
118 999 249 1035 demque
264 999 302 1027 ad
319 999 445 1028 cultiora
462 1004 638 1035 perventum
651 1004 705 1028 est.
730 999 850 1029 Praeter
862 1000 938 1029 alios
952 1008 1102 1030 commea-

120 1046 176 1072 tus.
194 1049 322 1077 quorum
334 1045 395 1070 tum
409 1041 499 1077 copia
510 1041 594 1077 regio
607 1041 788 1076 abundabat,
806 1050 966 1078 pomorum
979 1050 1104 1079 quoque

119 1082 226 1118 ingens
243 1083 352 1111 modus
368 1082 517 1117 nascitur,
539 1087 568 1111 et
583 1082 765 1111 uberrimum
787 1083 947 1120 gignendis
969 1083 1036 1113 uvis
1053 1092 1102 1113 so-

76 1125 178 1153 mlum
194 1128 249 1152 est.
269 1124 426 1159 Frequens
443 1124 532 1152 arbor
548 1123 653 1152 faciem
669 1132 800 1160 quercus
813 1125 911 1159 habet,
928 1125 1014 1154 cuius
1033 1125 1103 1155 solia

120 1165 212 1194 multo
230 1166 317 1194 melle
333 1165 500 1201 tinguntur:
518 1166 582 1194 sed.
599 1165 655 1194 uisi
672 1165 746 1195 solis
763 1171 860 1195 ortum
877 1167 995 1196 incolae
1011 1174 1101 1196 occu-

120 1206 267 1243 paverint,
284 1208 330 1235 vel
348 1207 467 1235 modico
483 1211 589 1243 tepore
605 1215 697 1235 sucus
714 1207 906 1244 extinguitur.

76 1253 110 1278 ‘23
193 1248 273 1277 XXX
288 1248 356 1277 hinc
373 1248 470 1276 stadia
487 1252 688 1284 processerat,
706 1257 798 1284 quum
816 1249 1058 1286 Phrataphernes
1074 1249 1102 1279 ei

120 1289 258 1323 occurrit,
276 1298 372 1326 seque
387 1294 417 1318 et
429 1298 492 1323 eos,
510 1290 560 1326 qui
574 1294 644 1326 post
656 1290 742 1319 Darei
756 1295 882 1320 mortem
896 1292 1102 1328 profugerant

119 1331 251 1360 dedens:
269 1330 378 1367 quibus
395 1331 523 1367 benigue
546 1331 683 1368 exceptis
699 1332 737 1360 ad
755 1333 903 1368 oppidum
919 1334 1017 1361 Arvas
1035 1341 1096 1369 per*

76 1377 109 1402 24
119 1372 208 1401 venit.
238 1372 292 1401 Hic
308 1372 335 1401 ei
352 1372 492 1401 Craterus
509 1377 538 1401 et
552 1372 693 1410 Erigyius
711 1379 883 1403 occurrunt.
914 1375 1100 1403 Praefectum

115 1413 304 1450 Tapurorum
320 1414 418 1450 gentis
434 1414 609 1442 Phradatem
625 1414 824 1444 adduxerant.
860 1417 914 1445 Hic
933 1425 1056 1452 quoque
1072 1416 1100 1444 in

117 1454 208 1483 iidem
223 1460 364 1491 receptus
381 1455 481 1484 multis
497 1456 637 1492 exemplo
652 1456 705 1485 suit
717 1457 896 1493 experiendi
913 1457 1101 1486 clementiam

75 1495 206 1532 aaregis.
251 1495 399 1532 Satrapen
422 1497 532 1525 deiude
549 1497 719 1534 Hyrcaniae
741 1499 824 1527 dedit
844 1498 1002 1534 Manapin:
1030 1500 1100 1527 exul

118 1536 174 1571 hic,
189 1542 333 1573 regnante
349 1537 441 1571 Ocho,
459 1539 496 1566 ad
512 1538 682 1574 Philippum
700 1546 895 1575 pervenerat:
914 1541 1101 1578 Tapurorum

117 1587 241 1615 quoque
257 1584 376 1615 gentem
396 1579 534 1608 Phradati
550 1580 690 1609 reddidit.

519 1645 612 1675 CAP.
632 1647 670 1674 V.

87 1710 101 1734 1
193 1706 259 1740 (14)
282 1707 405 1742 Iamque
421 1715 475 1735 rcx
492 1706 594 1735 ultima
610 1707 780 1744 Hyrcaniae
802 1707 978 1742 intraverat,
1006 1717 1097 1744 qiturn

113 1748 297 1782 Artabazus,
319 1756 408 1784 quem
424 1748 521 1777 Dareo
537 1748 718 1777 fidissimum
733 1748 829 1778 fuisse
845 1758 938 1786 supra
955 1749 1097 1778 diximus.
