1215 1905
111 104 274 134 LlB.V111.
291 103 372 132 cAP.
385 103 433 139 xi,
448 103 616 133 is—CAP.
633 103 695 138 xu,
713 107 753 134 ιο.
769 113 930 140 [vum-42.
941 113 978 140 z.)
1000 103 1062 134 205

69 183 152 214 rant,
169 179 297 217 pretium
315 186 381 208 cum
398 178 458 208 lide
475 179 624 208 redditum
642 182 698 208 est.
742 179 847 209 Petrae
862 178 1060 216 regionisque

71 222 98 251 ei
115 221 276 251 adiunctae
294 220 453 250 Sisocosto
470 221 561 250 tutela
578 221 737 257 permissa.

455 289 510 318 CA
520 289 549 317 P.
572 289 635 317 XII.

44 356 56 381 1
155 349 228 379 Inde
244 348 396 386 processit
410 349 584 378 Ecbolima:
606 353 636 378 et
658 357 749 385 quum
772 347 930 385 angustias
946 347 1062 377 itineris

72 391 206 422 obsideri
233 391 287 421 XX
313 390 434 420 milibus
459 395 643 420 armatorum
665 391 702 419 ab
724 390 813 420 Erice
830 390 963 427 quodam
979 397 1061 419 corn—

71 434 217 471 perisset‚
241 432 363 470 gravius
386 440 492 469 agmen
513 431 666 462 exercitus
690 432 791 462 Coeno
810 431 983 461 ducendum
999 439 1062 460 mo-

42 480 58 506 2
71 476 147 505 dicis
164 474 320 505 itineribus
336 473 466 504 tradidit.
494 475 563 511 lpse
579 481 798 511 praegressuS‚
821 482 876 511 per
893 473 1062 503 funditores

71 525 106 546 ac
123 516 296 553 sagittarios
312 516 488 549 deturbatis,
508 515 560 552 qui
576 515 761 546 obsederant
776 517 895 552 saltum,
908 516 1063 552 sequenti-

42 559 127 589 3bus
145 567 178 588 se
195 558 293 596 copiis
310 557 389 586 viam
405 557 484 586 fecit.
525 557 591 586 Indi
608 557 675 586 sive
690 557 761 587 odio
784 557 888 593 ducis,
913 557 979 586 sive
995 565 1062 594 gra-

72 600 142 630 tiam
159 600 282 630 victoris
299 599 399 629 inituri
410 599 519 628 Ericen
541 599 704 636 fugientem
728 599 826 629 adorti
847 598 1063 629 interemerunt

71 647 225 679 caputque
241 642 307 672 eius
323 646 414 679 atque
431 649 513 670 arma
529 642 566 670 ad
583 641 792 670 Alexandrum
808 641 990 670 detulerunt.
1010 641 1062 669 llle

72 684 150 713 sacto
168 683 375 721 impunitatem
391 683 487 717 dedit,
505 683 653 712 honorem
669 683 832 719 denegavit
846 683 997 720 exemplo.

41 730 58 755 4
153 725 220 760 (42)
252 726 329 754 Hine
361 726 399 754 ad
431 724 544 755 flumen
567 725 675 754 ludum
700 724 925 754 sextisdecimis
954 724 1062 754 castris

71 768 211 804 pervenit
225 767 402 803 omniaque,
419 771 451 796 ut
463 771 677 803 praeceperat,
694 766 734 795 ad
750 766 959 796 traiiciendum
975 774 1062 803 prae-

71 813 176 845 parata
192 809 230 838 ab
245 808 473 845 Hephaestione
489 808 632 845 repperit.
666 809 825 845 Regnabat
840 808 868 837 in
887 817 921 837 ea
937 808 1062 845 regione

71 850 212 888 Omphis,
236 850 286 887 qui
308 849 386 886 patri
410 858 534 886 quoque
551 850 648 879 fuerat
664 854 770 880 auctor
785 850 917 879 dedendi
936 858 1062 887 regnum

43 892 246 922 5Alexandro
269 896 298 922 et
320 895 390 928 post
412 896 538 921 mortem
557 892 692 928 parentis
714 892 832 928 legatos
848 891 988 927 miserat,
1011 891 1062 929 qui

72 934 268 963 consulerent
285 941 370 968 eum,
392 941 520 970 regnare
543 941 577 962 se
593 933 711 963 interim
726 934 831 968 vellet,
851 942 890 963 an
913 933 1062 970 privatum

44 975 207 1012 60pperiri
229 975 294 1013 eiqs
311 975 485 1004 adventum.
521 975 753 1012 Permissoque,
777 980 808 1005 ut
822 980 978 1012 regnaret,
1002 984 1061 1005 non

73 1023 171 1047 tamen
193 1017 240 1046 ius
263 1017 365 1046 datum
387 1024 536 1053 usurpare
558 1017 710 1046 sustinuit.
746 1018 775 1046 Is
791 1017 922 1054 benigne
940 1017 1063 1054 quidem

72 1063 237 1095 exceperat
264 1058 537 1095 Hephaestionem,
569 1059 730 1095 gratuitum
757 1060 938 1089 frumentum
965 1059 1062 1095 copiis

73 1101 138 1130 eius
155 1101 336 1135 admensus,
353 1108 414 1129 non
432 1105 531 1130 tamen
549 1100 576 1129 ei
593 1105 783 1135 occurrerat,
801 1109 838 1130 ne
856 1102 945 1131 sulem
962 1100 1061 1136 ullius,

43 1146 58 1174 7
73 1142 130 1172 nisi
145 1142 241 1179 regis,
265 1141 464 1179 experiretur.
508 1143 613 1180 Itaque
637 1143 767 1172 venienti
789 1143 909 1172 obviam
932 1151 1000 1172 cum
1015 1151 1061 1171 ar<

71 1189 152 1213 mato
169 1183 305 1213 exercitu
322 1192 467 1220 egressus
484 1190 545 1214 est:
563 1184 716 1222 elephanti
733 1193 856 1222 quoque
872 1193 927 1222 per
942 1185 1059 1214 modica

72 1225 230 1256 intervalla
250 1225 374 1255 militum
397 1226 508 1263 agmini
530 1226 657 1256 immixti
678 1228 785 1264 procul
808 1228 1001 1256 castellorum
1020 1227 1060 1255 se-

36 1272 61 1298 .8
72 1272 176 1297 cerant
197 1268 341 1304 speciem-
385 1270 430 1296 Ac
454 1268 550 1305 primo
571 1269 746 1298 Alexander
768 1277 828 1298 non
846 1268 979 1304 socium,
1006 1269 1061 1298 sed

71 1309 191 1339 hostem
207 1310 372 1339 adventare
388 1318 412 1338 ci
423 1311 541 1340 edebat.
578 1311 703 1348 Iamque
724 1315 753 1340 et
771 1310 838 1347 ipse
855 1319 937 1340 arma
952 1310 1062 1340 milites

72 1359 183 1388 capere
204 1356 234 1381 et
255 1351 374 1388 equites
397 1352 557 1382 discedere
578 1352 608 1381 in
631 1361 745 1382 cornua
766 1353 912 1387 iusserat,
938 1357 1061 1390 paratus

72 1393 110 1422 ad
125 1401 268 1430 pugnam.
297 1395 337 1422 At
352 1394 462 1430 Indus,
479 1394 601 1431 cognito
616 1395 816 1425 Macedonum
833 1403 951 1430 errore,
967 1394 1062 1424 iussis

72 1435 239 1465 subsistere
256 1435 381 1470 ceteris⁷
405 1436 471 1472 ipse
494 1437 626 1466 concitat
641 1445 769 1474 equum,
796 1445 856 1474 quo
880 1437 1061 1466 vehebatur:

43 1481 60 1508 9
73 1478 151 1506 idem
167 1478 342 1507 Alexander
359 1486 483 1515 quoque
499 1478 583 1513 fecit,
601 1478 665 1508 sive
682 1479 780 1508 hostis
797 1479 861 1508 sive
878 1478 994 1508 amicus
1011 1486 1061 1507 oc-

73 1523 215 1553 curreret,
232 1520 278 1548 vel
293 1528 348 1548 sua
362 1520 470 1549 virtute
483 1522 528 1549 vel
543 1520 623 1549 illius
636 1521 695 1549 fide
711 1525 800 1550 tutus.
825 1521 959 1553 Coivere,
979 1519 1061 1557 quod

72 1569 111 1590 ex
127 1561 284 1598 utriusque
298 1562 380 1590 vultu
394 1566 502 1598 posset
514 1562 647 1599 intelligi,
664 1562 769 1591 amicis
786 1562 910 1592 animis:
927 1567 1060 1591 ceterum

73 1602 138 1632 sine
160 1603 324 1640 interprete
347 1612 406 1632 non
430 1608 548 1640 poterat
564 1604 684 1633 conseri
701 1612 812 1633 sermO.
855 1605 961 1641 ltaque
976 1603 1060 1632 adhi-

72 1643 133 1674 bito
150 1653 202 1678 eo,
223 1645 372 1674 barbarus
390 1646 562 1675 occurrisse
579 1654 613 1674 se
629 1645 704 1675 dixit
719 1654 786 1675 cum
809 1647 960 1680 exercitu,
983 1650 1061 1675 totas

72 1685 189 1723 imperii
212 1687 293 1716 vires
315 1687 454 1724 protinus
471 1688 662 1722 traditurum,
690 1696 746 1717 nec
768 1693 966 1725 expectasse,
989 1688 1062 1716 dum

0 1729 3 1733 ’
33 1731 64 1757 10
72 1736 126 1764 per
147 1728 268 1758 nuntios
291 1729 414 1759 daretur
434 1729 521 1758 fides.
563 1730 681 1766 Corpus
703 1738 792 1759 suum
806 1734 837 1760 et
850 1738 978 1767 regnum
994 1738 1049 1766 per
