1210 1895
145 83 199 100 xxii
540 73 772 98 PRAEFATIO.

144 145 186 167 ira
203 145 228 167 in
248 143 341 167 rabiem
358 149 440 166 versa.
478 141 521 173 IV,
535 140 551 166 6
562 139 634 172 (28),
645 140 686 165 29.
710 141 751 169 IV,
763 142 796 166 10
805 141 876 173 (40),
889 142 928 166 14.
950 143 991 174 IV,
1003 142 1034 168 16
1045 142 1116 176 (61),
1129 144 1161 171 12

145 178 208 209 VIII,
222 178 252 202 11
263 177 335 208 (40),
349 175 389 200 12.
410 173 479 205 IX,3
493 174 563 206 (11),
573 175 598 199 2.
619 175 661 203 IX,
675 175 707 199 10
720 175 790 207 (40),
802 176 845 202 15.

214 212 245 240 X,
268 213 280 235 1
302 210 356 243 (1),
379 210 401 234 l.
432 208 614 241 [adducentes]-
650 210 681 233 V.
703 210 777 241 epist.
805 218 832 241 p.
858 209 901 236 36.
939 211 993 235 Non
1011 212 1170 244 persuadebo

147 246 221 274 mihi,
247 246 399 269 adducentes
422 243 502 267 omitti
528 250 616 274 posse,
641 244 691 267 nisi
715 243 777 267 milti
803 251 906 276 prorsus
925 245 1006 269 simile
1027 246 1169 278 exemplum

146 287 158 302 e
179 281 243 303 bono
263 279 438 311 depromptum
456 282 557 301 auctore
576 277 699 301 afferatur.

214 314 246 342 X,
268 314 282 338 l
303 312 355 345 (5),
374 311 417 336 42.
436 315 524 336 contra
542 315 640 336 tantum.
679 312 760 340 Quum
780 312 856 335 etiam
874 312 947 336 codd.
958 313 1093 338 Florentiui
1116 319 1168 338 tra-

146 349 229 371 [ectum
247 347 364 375 habeant,
388 346 518 377 repudiavi
539 346 708 370 coniecturam
723 346 797 377 epist.
814 354 840 377 p.
857 344 899 370 27.
918 348 1084 379 propositam.
1098 348 1169 377 Quod

145 389 210 405 nunc
230 382 387 413 excogitavi,
417 380 450 404 ad
468 380 616 410 scripturam
635 380 749 404 codicum
767 387 846 412 prope
865 381 965 405 videtur
982 381 1114 411 accedere,
1135 383 1169 406 si-

145 416 246 446 quidem
266 416 408 442 statuimus,
433 414 556 445 syllabam
574 421 620 438 oon
640 414 777 438 excidisse.
816 414 918 439 Tantum
937 416 1006 447 apud
1028 416 1111 447 ipsum
1130 416 1169 440 Ci-

145 457 259 474 ceronem
268 457 314 481 pro
324 450 388 473 adeo
399 448 458 480 poni
474 452 581 472 constat.
619 449 706 472 lustin.
717 448 771 477 XII,
785 447 811 479 4,
824 448 847 473 l.
860 457 877 472 α
890 449 1006 480 Philippo
1021 451 1086 474 illum
1092 454 1169 481 patre

144 487 234 508 tantum
249 485 423 515 degenerasse.
450 482 528 506 Tacit.
542 482 658 506 German.
670 490 692 506 c.
704 481 747 507 45.
760 483 785 506 in
795 486 886 506 tantum
895 496 928 501 ·—
939 484 1098 515 deqenerant.

213 519 245 547 X,
265 517 281 542 2
303 516 355 549 (7),
375 516 401 542 6.
421 514 445 541 7.
464 515 518 540 Soli
535 516 697 541 Athenienses
717 524 765 540 non
782 524 844 541 suae
862 518 949 550 modo,
967 519 1015 542 sed
1032 519 1104 543 etiam
1122 526 1168 549 pu-

145 552 223 577 blicae
240 552 348 577 vindices
372 549 530 583 [libertam-J,
557 564 590 568 —
613 552 712 575 assueti.
756 551 910 576 Prohibuere
928 553 1003 583 iyt'tur
1018 554 1106 577 eoeules
1123 566 1167 576 —.

147 587 246 612 Reiecta
264 587 407 610 coniectura
427 585 500 616 epist.
521 592 546 616 p.
566 583 609 609 28.
626 586 766 616 proposita,
787 586 877 610 retinui
893 586 1007 611 codicum
1025 587 1166 615 lectionem,

146 622 193 645 nisi
210 620 277 652 quod
295 621 376 652 prima
394 620 469 643 verba
490 627 521 642 ex
541 620 637 651 vulgari
656 622 751 643 ratione
772 620 863 651 scripsi
882 625 907 645 et
924 621 1036 645 ordinem
1051 621 1168 645 hominum

146 657 169 679 in
187 656 299 680 ordinum
317 655 416 678 omnium
435 653 546 677 mutavi:
567 657 690 677 commate
709 658 792 677 autem
811 658 868 685 post
887 655 1055 679 Athenienses
1076 655 1167 686 deleto,

145 694 201 721 post
218 690 312 714 assueti
329 692 447 720 punctum
469 688 552 718 posui,
572 691 598 711 ut
617 688 736 719 primaria
753 689 875 712 sententia
897 689 934 713 sic
951 689 1106 713 conformata
1121 690 1166 713 sit:

144 723 197 747 Soli
212 723 374 748 Athenienses
395 722 504 746 vindices
521 720 610 752 (erant
627 721 667 746 vel
687 721 852 753 extiterunt),
877 724 936 755 quia
959 724 1114 748 colluvionem
1134 736 1167 741 —

144 765 220 789 aegre
237 757 356 789 serebant
378 769 412 773 -—
429 757 530 779 assueti.

211 791 244 823 X,
263 791 280 815 2
296 789 348 821 (8),
372 790 411 814 ll.
431 789 503 821 [cum]
520 790 572 820 fide
588 790 659 820 sucta
675 790 802 820 professio
820 795 864 814 est.
902 790 956 815 Non
973 792 1086 823 professi
1101 796 1165 820 sunt,

144 830 170 850 ut
188 826 263 857 vulgo
282 825 410 853 scribitur,
430 824 475 847 sed
491 824 619 854 professio
636 828 673 848 est
696 825 720 848 in
739 824 812 848 codd.
833 829 882 848 est:
903 826 1012 857 Ieepium
1030 826 1107 858 igitur
1126 827 1164 857 (p.

143 859 201 892 62.)
219 864 319 884 secutus
337 867 389 882 cum
407 862 462 881 ante
477 858 528 887 fide
549 859 696 889 interposui.

212 894 244 923 X,
266 892 282 918 3
301 892 374 924 (ll),
394 893 419 916 5.
443 900 512 923 quum
534 905 567 909 --
588 892 706 923 prohibiti
725 893 794 916 aditu
817 894 906 924 regis
927 897 1044 917 essent.
1082 893 1163 925 Vulgo

143 929 212 953 adita
229 930 358 952 venissent.
406 926 506 950 Conieci
526 926 584 949 olim
601 927 768 955 revertissent,
791 927 836 951 sed
855 935 886 951 ne
907 927 955 951 hoc
973 928 1090 958 quidem,
1117 928 1165 951 nisi

143 963 248 987 addatur
268 964 291 986 in
310 965 404 990 castra,
423 960 523 992 plaeere
540 963 631 991 potest.
668 961 809 984 Miitzellius
828 962 889 985 satis
911 961 1017 986 feliciter
1034 962 1166 993 proposuit

144 998 239 1021 remissi
257 1000 350 1020 essent:
368 994 458 1019 melior
471 999 555 1018 tamen
570 994 677 1018 fortasse
691 1003 755 1018 nova
771 1003 826 1019 mea
837 996 976 1020 coniectura
994 997 1061 1027 reqis
1075 1000 1164 1020 essent.

145 1031 234 1055 Aditus
254 1038 309 1054 cum
327 1030 438 1062 genitivo
457 1035 533 1060 saepe
554 1029 713 1053 construitur.
752 1030 838 1053 lustin.
859 1029 924 1061 XXI,
944 1029 968 1061 6,
988 1031 1014 1055 5.
1034 1038 1082 1060 per
1099 1031 1166 1054 Par-

143 1067 272 1089 menionem
291 1064 359 1088 aditu
376 1065 443 1094 reyis
461 1063 566 1087 obtento.

212 1099 242 1127 X,
262 1100 277 1123 5
298 1096 368 1129 (18),
387 1097 428 1123 29.
452 1098 495 1121 ita
516 1101 544 1120 et
561 1098 641 1121 iuveni
656 1102 680 1122 et
697 1099 719 1121 in
736 1098 969 1121 tantisad1nittenda
983 1099 1065 1122 rebus.
1081 1099 1165 1130 Vulgo

144 1134 178 1157 ita
196 1137 228 1156 ut.
269 1133 340 1161 Quod
359 1141 405 1163 ego
424 1132 507 1162 posui,
527 1131 665 1163 elegantius
688 1136 712 1155 et
733 1132 906 1155 consuetudini
929 1131 1006 1156 Curtii
1026 1140 1166 1157 accommo-

144 1167 226 1191 datius
245 1171 291 1191 est.
328 1167 370 1196 VI,
393 1166 423 1190 11
443 1164 512 1196 (42),
535 1166 573 1189 15.
604 1169 686 1192 utpote
708 1170 732 1190 et
751 1166 879 1190 damnatus
897 1171 922 1190 et
938 1167 1040 1191 inimicis
1062 1180 1095 1184 ·-—
1116 1171 1166 1191 tor-

144 1201 276 1233 quentibus.
314 1201 355 1228 IV,
376 1200 409 1224 10
426 1199 495 1230 (42),
513 1198 557 1223 32.
581 1203 605 1223 et
626 1201 734 1223 dominus
753 1204 777 1223 et
796 1201 896 1224 iuveni-⁹.
935 1200 963 1227 V,
982 1201 1015 1225 10
1031 1200 1102 1232 (29),
1125 1201 1164 1226 15.

145 1237 238 1267 qualem
255 1239 279 1259 et
297 1242 379 1266 regem
399 1237 424 1258 et
439 1234 515 1257 virum
531 1234 659 1264 fallerent.
693 1234 736 1262 VI,
763 1234 793 1258 10
814 1233 883 1264 (38).
904 1233 945 1258 13.
977 1235 1041 1259 unde
1066 1239 1090 1259 et
1104 1243 1165 1265 par-

144 1271 240 1294 ricidae
264 1273 287 1293 et
307 1269 432 1299 proditori
449 1272 497 1291 tam
517 1269 562 1291 alti
579 1268 646 1299 quies
664 1268 756 1291 somni?

211 1303 242 1329 X.
261 1303 277 1328 6
297 1302 366 1333 (19),
390 1302 412 1326 5.
442 1303 516 1326 vices.
551 1302 634 1334 Vulgo
652 1303 724 1326 vires.
763 1302 794 1326 V.
814 1303 888 1333 epist.
915 1310 940 1334 p.
961 1302 1003 1328 44.
1026 1303 1166 1334 Zumptius,

146 1344 170 1362 ut
190 1338 320 1366 defendat,
350 1337 418 1367 quod
437 1337 522 1367 nequit
551 1336 667 1367 defendi,
694 1336 837 1360 Perdiccam
857 1337 943 1360 statuit
962 1338 997 1361 ita
1018 1337 1166 1368 dignitatem

144 1373 212 1396 anuli
232 1372 388 1404 significare,
417 1376 443 1394 ut
463 1370 635 1394 Alexandrum
662 1371 726 1394 dicat
745 1379 773 1394 eo
793 1378 882 1402 gazam
902 1372 997 1402 regiam
1019 1371 1164 1395 occlusisse.

144 1407 272 1430 Praeclara
289 1406 400 1438 profecto
419 1405 558 1436 sententia,
580 1409 603 1428 et
621 1405 739 1429 Perdicca
761 1406 815 1436 ipso
836 1410 860 1429 et
880 1406 1023 1434 occasione,
1044 1413 1093 1435 qua
1113 1405 1167 1429 eius

145 1442 223 1464 oratio
242 1440 327 1464 habita
347 1444 393 1467 est,
412 1439 574 1471 dignissima!

212 1474 244 1503 X,
265 1473 280 1499 7
299 1473 369 1506 (22),
390 1475 413 1498 5.
444 1473 559 1504 Impensa
577 1473 683 1503 probra,
699 1481 762 1504 quae
780 1474 904 1498 obiecerat
921 1489 963 1497 -.
1001 1474 1083 1505 Vulgo
1103 1473 1169 1497 obie-

144 1513 215 1532 cerat
234 1516 299 1537 om.,
321 1509 396 1532 codd.
416 1509 531 1538 impense.
567 1507 636 1531 Nihil
656 1508 757 1538 quidem
776 1508 866 1532 melius
885 1509 981 1534 inveni.
1004 1515 1079 1538 quam
1100 1507 1168 1537 quod

145 1543 204 1566 olim
224 1543 332 1575 conieci,
362 1543 477 1570 intendit,
495 1542 556 1566 sed:
582 1549 639 1566 nam
662 1543 729 1573 quod
749 1543 848 1574 Ieepins
871 1542 910 1574 (p.
929 1541 986 1572 65.)
1007 1541 1168 1573 excogitavit,

144 1577 242 1607 impetit,
260 1577 314 1606 κά,
335 1578 360 1600 in
375 1576 487 1600 Curtium
505 1583 554 1600 nou
571 1576 650 1600 cadit:
666 1577 744 1600 tutius
759 1582 843 1602 tamen
858 1584 922 1601 nunc
939 1577 1007 1606 duxi,
1023 1576 1084 1600 nihil
1099 1583 1168 1607 pror-

144 1618 188 1634 sus
207 1614 317 1643 mutare,
348 1611 397 1634 nisi
415 1611 484 1641 quod
509 1613 617 1641 impensa
637 1618 684 1642 pro
705 1612 811 1641 impense
833 1611 940 1642 scripsi.
967 1615 1040 1641 atque
1067 1609 1169 1634 lacunae

145 1645 219 1676 signa
237 1649 294 1669 ante
311 1644 379 1668 haud
396 1645 506 1676 ambigue
525 1645 654 1669 collocare.
700 1645 785 1676 Neque
803 1646 868 1670 enim
890 1646 914 1668 in
938 1646 984 1676 iis,
1005 1652 1069 1674 quae
1088 1643 1170 1668 adhue

146 1679 209 1702 dixit
229 1679 326 1709 Pithon,
348 1679 433 1702 insunt
450 1679 550 1710 probra.
