1215 1895
121 98 161 127 20
462 99 494 135 Q.
519 99 675 129 CURTII
696 101 803 130 RUFI

120 174 238 210 langen]
252 174 442 204 Macedonici
458 174 608 204 exercitus
623 175 716 203 robur
732 182 802 204 esse
818 176 999 207 coniectans.
1027 178 1101 208 Iam-

121 223 181 251 que
197 215 284 244 etiam
301 216 439 244 dextrum
461 216 625 244 Alexandri
640 224 735 245 cornu
757 217 978 248 circumibatur.
1016 219 1104 256 Quod
1128 224 1144 250 2

119 257 169 285 ubi
178 256 304 285 Macedo
315 257 482 293 conspexit,
497 257 614 286 duabus
623 258 678 286 alis
687 258 819 294 equitum
828 260 867 288 ad
879 259 980 296 iugum
993 261 1104 290 montis

121 298 212 326 tussis
234 298 415 333 subsistere,
439 302 557 327 ceteros
573 299 603 327 in
618 299 749 328 medium
765 300 834 328 belli
850 301 1011 330 discrimen
1027 305 1101 331 stre-

120 347 178 367 nue
193 340 344 369 transfert.
384 340 547 369 Subductis
564 340 673 368 deinde
689 348 727 368 ex
743 341 808 370 acie
822 342 976 371 Thessalis
993 343 1100 379 equiti-
1127 346 1143 372 3

121 381 190 416 bus,
211 382 397 417 praefectum
419 390 523 410 eorum
540 382 658 411 occulte
674 381 831 411 circumire
847 387 963 419 tergum
979 392 1105 414 suorum

120 422 201 452 iubet
214 422 467 459 Parmenionique
483 422 625 459 coniungi
641 427 684 458 et,
701 425 782 459 quod
801 424 827 452 is
843 424 1034 461 imperasset,
1049 425 1102 455 im-

117 464 203 501 pigre
219 464 339 500 exequi.
383 465 507 500 lamque
527 464 654 493 immissi
672 463 702 492 in
717 465 849 494 medium
863 466 1031 501 Persarum,
1048 475 1102 496 un-
1123 472 1136 498 4

118 506 209 542 dique
233 505 421 542 circumfusi,
444 506 564 542 egregie
580 506 637 543 [se]
654 506 827 542 tuebantur,
850 508 906 536 sed
927 507 1055 537 conferti
1073 511 1103 537 et

118 547 205 584 quasi
222 548 420 577 cohaerentes
437 548 495 576 tela
513 547 630 576 vibrare
646 555 707 576 non
728 552 882 583 poterant:
906 549 995 578 simul
1016 554 1102 579 erant

118 589 243 624 emissa,
260 588 289 617 in
305 590 430 618 eosdem
447 588 657 617 concurrentia
673 589 918 625 implicabantur,
934 590 1057 627 levique
1072 595 1103 620 et

117 638 194 659 vano
210 630 272 659 ictu
286 639 384 667 pauca
399 630 429 659 in
445 630 572 664 hostem,
590 631 677 666 plura
692 630 721 658 in
733 630 854 659 humum
872 631 996 660 innoxia
1012 632 1101 661 cade-

117 672 196 700 bant.
239 672 318 708 Ergo
341 672 509 701 comminus
530 679 663 708 pugnam
685 671 783 701 coacti
805 680 968 702 conserere
983 673 1102 709 gladios

116 712 241 750 impigre
258 713 415 750 stringunt.
438 714 511 742 Tum
527 721 599 742 vero
615 713 739 742 multum
751 714 908 749 sanguinis
922 714 1022 743 fusum
1037 719 1099 743 est:
1125 719 1141 743 5

115 755 194 784 duae
216 754 329 791 quippe
350 755 432 784 acies
448 755 487 783 ita
503 754 721 788 cohaerebant,
746 759 776 783 ut
791 755 882 784 armis
898 763 981 784 arma
995 756 1097 791 pulsa-

114 800 188 829 rent,
204 804 365 825 mucrones
382 796 411 825 in
427 804 478 825 ora
495 795 666 832 dirigerent.
699 796 765 824 Non
781 796 894 831 timido,
911 805 971 826 non
987 796 1098 833 ignavo

115 846 237 867 cessare
253 842 313 867 tum
329 838 426 867 licuit:
444 838 553 866 collato
570 838 664 873 pede,
682 837 769 873 quasi
786 837 895 873 singuli
912 838 988 867 inter
1004 846 1039 867 se
1055 838 1098 866 di-

114 879 273 914 micarent,
295 880 323 908 in
341 880 448 908 eodeni
469 878 598 914 vestigio
615 879 748 913 stabant,
773 879 871 908 donee
888 879 1038 908 vincendo
1055 879 1098 908 lo-

115 929 181 950 cum
195 920 252 950 sibi
263 922 404 950 facerent.
427 921 500 949 Tum
513 920 632 949 demum
642 928 714 956 ergo
729 921 950 956 promovebant
961 921 1097 956 gradum,
1122 925 1139 951 6

115 971 207 999 quum
230 963 348 991 hostem
370 966 607 999 prostraverant.
649 963 689 990 At
709 961 777 990 illos
800 970 899 991 novus
925 961 1098 998 excipiebat

113 1004 306 1033 adversarius
323 1004 478 1040 fatigatos,
501 1011 557 1032 nec
572 1003 735 1037 vulnerati,
758 1007 790 1032 ut
802 1003 877 1031 alias
894 1004 1008 1037 solent,
1031 1003 1098 1032 acie

114 1049 253 1082 poterant
268 1046 433 1080 excedere,
455 1054 546 1081 quum
562 1045 659 1073 hostis
675 1045 800 1073 instaret
815 1053 832 1073 a
849 1046 961 1079 fronte,
978 1053 996 1073 a
1012 1049 1095 1080 tergo

113 1087 160 1116 sui
176 1092 326 1123 urgerent.

193 1127 258 1163 (27)
281 1129 455 1157 Alexander
470 1136 528 1157 non
547 1127 633 1156 ducis
649 1126 745 1163 magis
767 1135 857 1164 quam
877 1126 978 1156 militis
996 1126 1099 1156 munia
1122 1130 1136 1156 7

113 1170 327 1205 exequebatur,
346 1170 479 1206 opimum
495 1169 590 1198 decus
607 1177 698 1198 caeso
714 1177 787 1205 rege
803 1173 961 1205 expetens.
978 1168 1097 1204 Quippe

112 1213 227 1240 Dareus
243 1220 333 1240 curru
349 1211 485 1240 sublimis
501 1210 661 1245 eminebat,
677 1214 706 1238 et
721 1210 785 1238 suis
801 1211 840 1238 ad
857 1218 890 1238 se
907 1210 1052 1238 tuendum
1068 1213 1098 1238 et

112 1253 250 1282 hostibus
266 1253 305 1282 ad
321 1253 534 1282 incessendum
549 1252 657 1288 ingens
673 1251 907 1280 incitamentum.
941 1251 1020 1287 Ergo
1037 1251 1095 1279 sra—
1121 1255 1138 1281 8

113 1300 156 1324 ter
171 1295 236 1324 eius
254 1294 416 1330 Oxathres,
440 1301 533 1330 quum
547 1293 754 1321 Alexandrum
775 1292 887 1321 instare
909 1292 936 1321 ei
952 1296 1098 1327 cerneret,

113 1336 240 1373 equites,
259 1336 368 1373 quibus
381 1339 529 1372 praeerat,
546 1339 614 1363 ante
627 1334 727 1370 ipsum
744 1342 861 1362 currum
878 1334 959 1370 regis
975 1333 1094 1368 obiecit,

112 1377 202 1407 armis
225 1382 254 1407 et
268 1378 377 1407 robore
401 1376 539 1414 corporis
561 1377 684 1405 multum
706 1383 798 1412 super
814 1380 933 1404 ceteros
950 1375 1097 1410 eminens,

112 1419 211 1448 animo
233 1428 306 1449 vero
329 1423 358 1448 et
372 1419 483 1456 pietate
500 1419 528 1447 in
545 1417 749 1455 paucissimis.
791 1417 844 1446 Illo
861 1416 965 1453 utique
981 1416 1098 1453 proelio

113 1462 211 1490 clarus
228 1461 304 1490 alios
321 1461 488 1497 improvide
504 1460 650 1489 instantes
665 1458 843 1496 prostravit,
860 1458 936 1487 alios
951 1458 980 1486 in
998 1459 1099 1494 fugam

113 1503 227 1532 avertit.
249 1502 487 1536 AtMacedones,
505 1506 537 1530 ut
552 1501 632 1530 circa
647 1509 749 1537 regem
764 1504 857 1533 erant,
873 1504 976 1528 mutua
988 1500 1096 1528 adhor-
1122 1503 1138 1529 9
1186 1510 1191 1537 ι,

114 1543 224 1573 tatione
237 1544 345 1573 firmati
358 1552 426 1573 cum
439 1544 506 1580 ipso
520 1543 549 1571 in
563 1542 698 1579 equitum
709 1550 816 1577 agmen
830 1542 1008 1577 irrumpunt.
1023 1541 1097 1569 Tum

114 1593 184 1614 vero
203 1585 310 1614 similis
326 1585 430 1614 ruinae
447 1591 563 1621 strages
580 1589 651 1613 erat.
687 1583 772 1612 Circa
785 1591 904 1611 currum
914 1582 1000 1611 Darei
1016 1582 1095 1610 iace-

112 1628 184 1656 bant
195 1626 375 1656 nobilissimi
388 1627 493 1662 duces,
506 1631 575 1655 ante
588 1626 695 1655 oculos
710 1625 790 1661 regis
803 1625 925 1661 egregia
938 1629 1033 1652 morte
1045 1624 1097 1651 de-

113 1668 215 1704 functi,
228 1677 333 1698 omnes
348 1668 378 1696 in
395 1677 447 1697 ora
461 1668 558 1704 proni,
575 1668 653 1697 sicut
668 1666 845 1696 dimicantes
861 1665 1096 1702 procubuerant,

114 1711 243 1740 adverso
261 1718 390 1746 corpere
407 1709 581 1739 vulneribus
598 1708 741 1745 acceptis.
764 1708 843 1737 Inter
858 1707 914 1736 hos
928 1706 1052 1745 Atizyes
1068 1709 1098 1735 et
1107 1710 1139 1736 10
