1215 1895
131 67 172 98 38
478 66 512 102 Q.
536 65 692 95 CURTIl
713 65 819 95 RUFI

130 143 229 178 habat,
246 147 284 178 et,
303 141 385 179 quod
401 140 431 170 in
447 140 597 171 eiusmodi
610 149 685 171 casu
699 140 818 177 accidit,
835 140 923 178 periti
939 140 1052 178 ignaris
1067 150 1122 179 pa-

129 184 250 213 rebant:
279 183 396 220 quippe
411 183 647 219 gubernatores,
671 182 746 212 alias
766 182 916 220 imperare
938 182 1033 220 soliti,
1059 188 1122 213 tum

130 230 211 255 metu
227 224 331 254 mortis
347 223 433 253 iussa
452 225 690 261 exequebantur.
729 224 863 253 Tandem
882 223 973 253 remis
989 224 1121 262 pertina—

130 267 195 296 cius
211 266 420 295 everberatum
442 274 524 295 mare
551 266 645 296 veluti
666 265 863 303 eripientibus
880 265 1001 302 navigia
1016 266 1120 295 classi-

130 308 174 338 cis
191 308 293 343 cessit,
309 308 502 344 appulsaque
518 312 588 337 sunt
603 307 690 344 litori,
706 309 838 337 lacerata
853 308 1009 344 pleraque.

211 349 277 386 (15)
299 349 410 378 Iisdem
427 349 504 379 sorte
519 349 627 378 diebus
644 348 935 386 Carthaginiensium
958 347 1049 386 legati
1069 348 1120 379 tri-
1131 354 1163 382 19

129 391 212 429 ginta
228 390 463 427 superveniunt,
479 390 575 427 magis
592 390 730 420 obsessis
750 390 906 426 solatium,
929 398 1020 427 quam
1035 390 1121 421 auxi-

129 433 217 462 lium:
235 432 350 469 quippe
367 431 535 461 domestico
551 433 630 461 bello
646 432 765 461 Poenos
780 431 919 469 impediri
941 440 997 461 nec
1010 432 1048 461 de
1067 431 1120 461 im-

129 474 232 512 perio,
259 475 315 503 sed
336 482 392 510 pro
416 474 512 503 salute
534 473 677 503 dimicare
700 473 886 503 nuntiabant.
932 472 1162 511 Syri-cusanmo

129 521 200 546 tunc
215 515 350 545 Africam
366 516 494 545 urebant
509 519 538 545 et
553 515 635 544 haud
647 516 753 552 procul
767 514 955 552 Carthaginis
971 515 1064 545 muris
1077 516 1120 545 lo-

129 561 274 587 caverant
289 561 398 586 castra.
434 557 500 586 Non
518 561 616 586 tamen
633 557 774 586 defecere
790 557 898 586 animIS
909 557 1000 594 Tyrii,
1015 565 1120 593 quam-

130 608 220 636 quam
236 599 273 628 ab
287 598 401 635 ingenti
418 607 474 635 spe
490 598 624 628 destituti
639 603 737 634 erant,
761 599 814 627 sed
832 598 977 634 coniuges
993 598 1120 628 liberos-

130 649 189 678 que
210 640 408 670 devehendos
425 640 634 676 Carthaginem
656 639 859 675 tradiderunt,
886 639 1008 676 fortius,
1036 639 1119 677 quic-

130 682 203 719 quid
221 681 382 717 accideret‚
398 681 495 718 laturi,
517 681 543 711 si
559 681 746 711 carissimam
762 681 809 711 sui
824 686 940 718 partem
955 685 1040 711 extra
1055 689 1120 711 sor-

130 729 189 753 tem
205 722 373 753 communis
389 723 517 760 periculi
532 722 720 753 habuissent.
758 723 916 760 Quumque
939 732 1017 753 unus
1039 731 1055 752 e
1077 722 1159 753 ci-21

132 766 220 795 vibus
236 765 265 794 in
283 765 432 795 concione
448 765 631 800 indicasset,
658 765 788 794 oblatam
810 773 881 794 esse
902 773 957 801 per
979 772 1119 794 somnum

129 807 187 836 sibi
214 806 350 844 speciem
374 806 541 843 Apollinis,
565 815 654 843 quem
677 805 787 835 eximia
806 805 953 843 religione
975 807 1119 841 colerent,

128 849 233 879 urbem
250 847 428 883 deserentis,
444 848 615 885 molemque
627 856 645 877 a
657 847 877 878 Macedonibus
890 847 919 876 in
933 848 998 877 salo
1011 847 1119 877 iactam

128 891 157 920 in
175 890 346 920 silvestrem
362 890 471 919 saltum
487 898 558 919 esse
573 894 729 919 mutatam:
758 897 942 926 quamquam
957 894 1063 918 auctor
1078 889 1160 920 le-22

128 932 174 961 vis
198 936 275 967 erat,
304 936 402 961 tamen
425 932 464 961 ad
486 931 636 961 deteriora
657 932 809 961 credenda
824 930 913 968 proni
928 935 1010 960 metu
1026 938 1119 960 aurea

129 979 235 1004 catena
250 973 415 1003 devinxere
431 973 625 1003 simulacrum
641 981 773 1010 araeque
788 972 943 1007 Herculis,
961 972 1048 1002 cuius
1065 981 1118 1001 nu-

130 1015 201 1045 mini
216 1015 321 1044 urbem
338 1015 521 1050 dicaverant,
538 1016 695 1044 inseruere
708 1015 870 1050 vinculum,
888 1014 976 1051 quasi
992 1014 1042 1043 illo
1059 1014 1117 1043 deo

128 1057 301 1094 Apollinem
319 1061 483 1086 retenturo.
521 1056 685 1094 Syracusis
711 1055 742 1085 id
768 1056 961 1085 simulacrum
987 1056 1118 1085 devexe-

128 1104 195 1128 rant
209 1098 301 1128 Poeni
318 1102 347 1127 et
362 1098 390 1126 in
407 1098 521 1127 maiore
538 1099 712 1128 locaverant
729 1097 840 1134 patria:
866 1097 1029 1134 multisque
1051 1096 1118 1126 aliis

128 1140 237 1177 spoliis
254 1139 372 1170 urbium
388 1149 405 1168 a
422 1144 517 1169 semet
533 1143 687 1177 captarum
709 1147 768 1169 non
791 1139 1001 1176 Carthaginem
1021 1137 1119 1175 magis

130 1190 221 1220 quam
233 1182 344 1219 Tyrum
358 1186 549 1210 ornaverant.
583 1181 708 1210 Sacrum
726 1189 858 1217 quoque,
877 1181 959 1217 quod
975 1179 1117 1217 equidem
1127 1183 1161 1210 23

127 1223 186 1253 (liis
202 1222 324 1252 minime
340 1223 425 1252 cordi
441 1231 512 1252 esse
528 1222 722 1257 crediderim,
749 1222 850 1252 multis
874 1221 1006 1251 saeculiS
1028 1221 1118 1250 inter—

126 1265 253 1294 missum
268 1264 426 1301 repetendi
442 1268 582 1294 auctores
596 1263 719 1300 quidam
732 1268 825 1299 erant,
838 1268 871 1293 ut
881 1263 1031 1300 ingenuus
1043 1271 1119 1300 puer
1150 1282 1153 1284 ψ

130 1309 259 1336 saturno
276 1306 495 1335 immolaretur:
523 1306 605 1342 quod
629 1304 822 1342 sacrilegium
843 1304 946 1335 verius
963 1313 1052 1342 quam
1070 1313 1117 1334 sa-

131 1357 214 1377 crum
232 1347 512 1384 Carthaginienses,
535 1356 553 1376 a
568 1346 776 1376 conditoribus
792 1347 946 1381 traditum,
964 1355 1063 1383 usque
1079 1346 1117 1375 ad

129 1389 281 1419 excidium
307 1389 391 1419 urbis
412 1397 486 1418 suae
506 1388 618 1419 secisse
639 1389 787 1419 dicuntur.
823 1390 868 1418 Ac
895 1387 953 1418 nisi
979 1388 1117 1418 seniores

129 1431 326 1467 obstitissent,
343 1439 471 1468 quorum
487 1430 614 1460 consilio
632 1435 740 1460 cuncta
755 1431 929 1467 agebantur,
951 1429 1117 1459 humanita-

130 1478 188 1502 tem
205 1472 269 1501 dira
286 1472 460 1509 superstitio
475 1472 611 1502 vicisset.

209 1513 275 1549 (16)
299 1514 435 1543 Ceterum
453 1514 607 1544 efficacior
623 1514 703 1544 omni
718 1518 781 1544 arte
797 1513 966 1544 necessitas
982 1522 1042 1543 non
1054 1511 1160 1544 usi-24

130 1559 190 1585 tata
205 1556 296 1585 modo
320 1555 485 1592 praesidia,
514 1556 570 1585 sed
592 1557 742 1593 quaedam
764 1556 852 1585 etiam
874 1563 954 1585 nova
974 1554 1116 1584 admovit.

128 1597 266 1633 Namque
282 1597 321 1626 ad
337 1597 521 1634 implicanda
536 1597 666 1634 navigia,
689 1606 767 1634 quae
782 1605 885 1627 muros
901 1596 1050 1631 subibant,
1065 1604 1116 1625 va-

130 1637 198 1667 lidis
214 1638 371 1668 asseribus
388 1647 499 1669 corvos
515 1644 545 1669 et
560 1640 674 1669 ferreas
690 1648 795 1668 manus
812 1647 881 1669 cum
895 1638 982 1668 uncis
1005 1646 1040 1667 ac
1064 1638 1116 1666 fal-

129 1678 215 1708 cibus
233 1679 436 1717 illigaverant,
463 1685 508 1717 ut,
536 1690 628 1718 quum
644 1685 790 1711 tormento
807 1689 929 1710 asseres
946 1678 1111 1717 promovis-
