1215 1895
149 85 190 115 92
497 84 530 120 Q.
553 84 708 113 CURTII
729 84 838 113 RUFI

149 167 328 196 agnoscere,
339 167 424 188 amor
432 158 588 194 detineret,
601 158 816 195 relinquerent,
830 159 939 196 quibus
951 158 1023 188 nihil
1036 158 1133 196 patria

149 201 249 230 carius
265 204 356 229 esset.

233 241 323 270 Pauci
338 240 427 270 huius
444 241 611 271 sententiae
628 241 727 271 suere:
744 246 863 271 eeteros
876 242 1065 271 consuetudo
1082 246 1172 271 nst-21

151 283 216 312 tura
231 283 331 319 potior
347 282 426 312 vicit.
456 282 691 318 Consenserunt,
709 283 872 320 petendum
888 291 959 312 esse
973 292 992 312 a
1005 291 1087 320 rege,
1102 287 1134 313 ut

150 324 282 361 aliquam
308 324 384 361 ipsis
410 323 586 354 attribueret
607 324 721 353 sedern.
763 324 887 354 Centum
906 325 946 354 ad
966 324 1025 354 hoc
1047 324 1175 354 eleeti22

151 370 234 395 sunt:
258 374 337 402 quos
353 366 528 395 Alexander
548 369 645 401 ratus,
669 366 751 402 quod
766 365 833 402 ipse
848 370 1004 402 praestare
1020 365 1132 402 cogita-

151 408 217 443 bat,
233 407 390 444 petiturOS,
406 407 555 442 Iumenta,
580 407 692 444 inquit,
714 409 877 443 assianarz',
896 416 972 444 quae
986 416 1034 437 vos
1044 408 1133 437 vehe-

150 452 222 484 rent,
234 452 262 477 et
271 450 394 484 sinqulis
406 452 530 478 vestrum
541 450 622 478 milia
635 449 790 478 denariam
802 450 872 478 dare·
881 450 959 479 iussi.
978 449 1070 484 Quum
1080 457 1134 478 re-

152 491 265 519 dieritis
277 492 306 519 in
321 490 485 526 Graeciam,
493 491 667 527 praestabo,
685 499 722 520 ne
733 492 797 527 quis
806 494 912 519 statum
923 499 1014 526 suum,
1026 492 1054 519 si
1060 491 1135 520 haec

149 532 303 561 calamitas
325 532 405 566 absit,
429 535 521 561 vestro
543 533 647 561 credat
662 540 722 561 esse
738 533 894 561 meliorem.
936 531 996 568 Illi,
1020 531 1134 561 obortis
1143 535 1176 561 23

150 572 291 609 lacrimis,
307 577 415 602 terram
431 572 623 602 intuebantur
637 581 694 602 neo
709 577 761 602 aut
776 573 892 610 erigere
906 574 1009 603 vultus
1023 577 1075 603 aut
1089 573 1133 602 lo-

152 614 203 651 qui
226 614 392 643 audebant:
420 615 556 649 tandem,
581 622 653 651 rege
675 614 811 644 tristitiae
839 623 963 644 causam
984 614 1133 651 exigente,

149 656 316 684 Euctemon
332 655 440 684 similia
456 655 508 691 iis,
532 664 611 692 quae
626 656 655 684 in
673 655 800 685 consitio
817 656 949 691 dixerat,
966 655 1132 692 respondit.

150 698 251 733 Atque
267 696 316 726 ille
332 705 392 726 non
406 698 544 726 fortunae
561 698 659 727 solum
675 705 788 732 eorurn,
806 698 861 727 sed
874 698 964 727 etiam
979 696 1176 734 poeniten-24

151 738 209 768 tiae
225 738 366 767 misertus
382 742 466 768 terna
480 738 561 768 milia
574 739 729 768 denarium
742 739 869 776 singulis
883 739 947 768 dari
963 738 1066 768 iussit:
1083 739 1134 768 de-

152 788 208 809 nae
225 784 326 809 vestes
348 780 485 810 adiectae
507 785 590 815 sunt,
617 785 646 809 et
667 785 801 809 armenta
822 789 890 810 cum
912 779 1075 817 pecoribus
1098 788 1134 809 ac

153 823 301 851 frumento
319 822 398 857 data,
414 826 446 851 ut
461 822 520 851 coli
536 822 659 858 serique
674 821 833 851 attributus
850 822 886 851 iis
903 830 976 859 ager
990 825 1106 858 posset.

581 884 672 912 CAP.
695 885 746 912 Vl.

235 946 301 981 (20)
322 947 448 976 Postero
465 946 514 975 die
535 950 723 975 convocatos
746 946 841 975 duces
857 945 1014 982 copiarum
1036 947 1134 981 docet,
1148 951 1162 976 1

154 989 263 1017 nullam
280 987 464 1017 infestiorem
481 988 587 1017 urbem
603 987 726 1016 Graecis
743 995 827 1022 esse,
851 995 941 1024 quam
955 989 1069 1025 regiam
1083 996 1135 1017 ve-

153 1034 248 1059 terum
263 1028 397 1058 Persidis
414 1037 527 1066 regum.
564 1029 640 1057 Hinc
656 1029 707 1057 illa
722 1029 869 1059 immensa
884 1029 1004 1065 agmina
1019 1029 1134 1058 infusa:

151 1071 221 1100 hinc
229 1071 360 1100 Dareum
377 1071 471 1107 prius,
489 1071 558 1099 dein
567 1071 697 1099 Xerxem
706 1071 848 1107 Europae
860 1070 984 1107 impium
996 1070 1135 1100 intulisse

152 1113 273 1141 bellum.
306 1112 434 1141 Excidio
451 1112 530 1141 illius
547 1113 766 1149 parentandum
781 1120 851 1141 esse
867 1112 985 1141 maiori·
1029 1132 1057 1151 Α,
1074 1131 1112 1151 330

151 1155 218 1183 bus.
243 1155 366 1190 Iamque
383 1154 511 1189 barbari,
528 1155 649 1183 deserto
667 1153 790 1190 oppido,
807 1162 866 1190 qua
881 1162 984 1190 quem·
1009 1163 1028 1176 a·
1045 1156 1093 1176 Chr·
1110 1162 1130 1175 ¹¹·
1148 1158 1164 1182 2

153 1203 213 1232 que
229 1200 325 1225 metus
339 1196 456 1231 agebat,
473 1195 669 1232 diffugerant:
687 1203 779 1232 quum
794 1203 848 1224 rex
861 1196 984 1231 phalan-
1016 1187 1121 1227 ιη’ἓιῗὲῗῗο.

152 1245 220 1273 gem
232 1237 305 1265 nihil
317 1241 475 1266 cunctatus
488 1236 611 1266 inducit.
634 1237 742 1266 Multas
757 1237 847 1265 urbes
860 1238 986 1266 refertas
1006 1231 1040 1251 ⁰¹·
1057 1233 1100 1257 ¹¹²¹
1114 1233 1134 1251 ¹²·

153 1278 308 1315 opulentia
323 1277 406 1314 regia
422 1278 529 1314 partim
546 1283 788 1314 expugnaverat,
812 1278 919 1314 partim
935 1278 965 1307 in
980 1278 1071 1308 fidem
1086 1287 1135 1307 ac—

153 1324 284 1356 ceperat,
299 1320 355 1348 sed
368 1319 450 1349 urbis
464 1320 553 1349 huius
566 1319 688 1349 divitiae
700 1320 801 1348 vicere
815 1319 986 1356 praeterita.
1009 1321 1042 1349 In
1059 1320 1135 1349 hanc
1147 1324 1164 1350 3

152 1361 244 1391 totius
264 1361 398 1390 Persidis
422 1369 497 1398 opes
513 1365 732 1398 congesserant
752 1360 886 1390 barbari:
909 1370 1015 1391 aurum
1031 1370 1136 1398 argen-

154 1408 276 1440 tumque
298 1404 481 1432 cumulatum
502 1407 580 1438 erat,
607 1403 702 1432 vestis
724 1402 830 1439 ingens
846 1404 970 1439 modus,
997 1403 1137 1439 supellex

153 1452 213 1473 non
230 1445 269 1473 ad
284 1453 381 1479 usum,
400 1445 455 1473 sed
470 1445 509 1473 ad
525 1444 758 1474 ostentationem
772 1445 860 1473 luxus
874 1449 1057 1481 comparata.
1080 1445 1136 1474 lta·
1148 1448 1164 1472 4

154 1494 214 1522 que
229 1486 306 1515 inter
321 1485 408 1523 ipsos
426 1486 557 1515 victores
574 1487 652 1515 ferro
665 1486 877 1515 dimicabatur:
894 1495 948 1523 pro
963 1486 1050 1515 hoste
1063 1490 1135 1520 erat,

154 1527 206 1564 qui
228 1527 440 1564 pretiosiorem
462 1532 666 1564 occupaverat
688 1528 845 1564 praedam:
868 1532 897 1557 et
919 1536 1011 1565 quum
1027 1526 1136 1562 omnia,

155 1577 232 1605 quae
248 1568 454 1605 reperiebant,
471 1577 582 1605 capere
598 1578 657 1599 non
673 1573 814 1606 possent,
831 1568 889 1598 iam
904 1577 953 1598 res
969 1577 1029 1598 non
1045 1576 1136 1598 occu—

154 1611 317 1647 pabantur,
341 1611 396 1639 sed
418 1611 661 1640 aestimabantur.
704 1611 890 1640 Lacerabant
909 1610 1009 1647 regias
1024 1613 1165 1645 veste8,5

153 1652 192 1680 ad
208 1659 241 1680 se
258 1651 389 1688 quisque
405 1656 520 1688 partem
542 1653 710 1682 trahentes:
733 1651 866 1681 dolabris
888 1651 1042 1688 pretiosae
1063 1650 1136 1680 artis

153 1701 229 1722 vasa
241 1693 423 1722 caedebant:
443 1693 516 1722 nihil
529 1703 628 1731 neque
641 1694 783 1723 intactum
795 1697 859 1723 erat
876 1701 976 1730 neque
989 1692 1137 1730 integrum
