1215 1905
167 149 227 179 164
255 153 262 157 “
508 149 541 184 Q.
565 149 719 178 CURTII
741 149 847 178 RUFI

166 225 266 253 tinuae
283 223 416 254 felicitati
431 232 531 253 rerum
546 223 612 253 eius
634 223 843 260 imposuerant
858 224 965 253 labem.
1006 225 1187 256 Menede—3l

165 274 260 301 mum,
277 270 309 295 ut
324 274 418 302 supra
433 265 543 295 dictum
560 270 620 301 est,
641 266 764 295 miserat
778 266 817 294 ad
833 265 1036 295 obsidendum
1051 266 1148 303 Spita-

165 308 299 342 menern,
321 307 500 336 Bactrianae
516 306 695 336 defectionis
712 311 877 336 auctorem.
906 307 975 343 Qui,
993 313 1148 345 comperto

164 349 262 378 hostis
279 349 427 383 adventu,
443 356 481 377 ne
495 348 590 377 muris
603 348 687 377 urbis
703 348 920 383 includeretur,
939 349 1028 378 simul
1043 349 1147 385 fretus,

164 390 264 427 excipi
286 398 396 427 posse,
423 398 482 426 qua
502 394 660 419 venturum
682 389 811 425 sciebat,
840 390 980 419 consedit
999 391 1147 420 occultus.

165 432 311 461 Silvestre
326 431 382 461 iter
397 435 499 468 aptum
515 430 633 460 insidiis
649 431 787 467 tegendis
804 437 881 461 erat:
903 431 944 460 ibi
959 431 1061 461 Dahas
1077 437 1190 464 con-32

164 473 247 502 didit.
270 473 346 510 Equi
364 473 453 502 binos
468 477 600 502 armatos
611 472 734 508 vehunt,
751 481 880 510 quorum
891 473 1021 502 invicem
1037 473 1148 510 singuli

162 519 288 552 repente
297 514 454 544 desiliunt:
465 513 616 551 equestris
627 522 748 551 pugnae
757 514 894 544 ordinem
906 515 1035 544 turbant.
1047 515 1189 552 Equo-33

163 565 229 586 rum
244 556 397 586 velocitati
412 565 467 593 par
482 555 634 585 hominurn
650 556 824 592 pernicitas.
867 557 932 586 Hos
955 556 1147 593 Spitamenes

163 598 270 628 saltum
287 597 444 627 circumire
459 597 562 627 iussos
578 596 689 634 pariter
704 602 734 627 et
748 606 765 626 a
781 598 925 627 lateribus
938 602 968 627 et
978 606 996 627 a
1009 599 1106 628 fronte
1119 604 1148 628 et

162 649 180 669 a
196 644 279 676 tergo
294 639 375 669 hosti
391 639 532 668 ostendit.
573 638 770 668 Menedemus
786 639 922 676 undique
937 639 1089 676 inclusus,
1110 648 1147 669 ne
1155 644 1185 671 34

162 689 287 711 numero
305 680 426 717 quidem
443 689 511 717 par,
538 680 589 709 diu
605 684 702 709 tamen
724 680 853 716 resistit,
875 681 1047 717 clamitans,
1073 681 1147 711 nihil

162 722 245 752 aliud
260 730 426 759 superesse
442 723 578 751 locorum
595 721 700 751 fraude
716 722 870 759 deceptis,
893 731 983 759 quam
998 723 1146 753 honestae

163 764 268 795 mortis
293 763 433 794 solatium
459 771 496 793 ex
526 763 657 793 hostium
688 764 792 793 caede.
836 764 938 801 Ipsum
966 765 1145 801 praevalens
1153 769 1184 795 35

162 814 261 843 equus
276 806 415 841 vehebat,
433 814 493 842 quo
510 805 635 842 saepius
651 805 679 833 in
696 813 810 835 cuneos
826 806 1023 835 barbarorum
1038 806 1144 836 effusis

161 847 289 877 habenis
315 851 439 877 evectus
467 855 575 883 magna
596 852 696 883 strage
717 855 772 876 eos
795 847 922 877 suderat.
966 847 1028 877 Sed
1054 852 1186 884 quum36

161 898 253 919 unum
269 897 375 918 omnes
390 893 535 926 peterent,
552 888 652 918 multis
667 888 842 918 vulneribus
853 889 1018 926 exsanguis
1030 889 1144 927 Hypsi-

162 932 230 961 dem
247 932 398 968 quendam
414 939 453 960 ex
468 930 573 960 amicis
596 930 732 960 hortatus
753 934 815 966 est,
836 935 868 960 ut
882 930 911 959 in
928 939 1040 967 equum
1055 939 1142 960 suum

161 973 342 1002 ascenderet
357 977 386 1002 et
402 981 435 1002 se
450 972 521 1009 suga
536 971 675 1009 eriperet.
718 972 801 1001 Haec
823 976 962 1008 agentem
977 972 1076 1001 anima
1091 973 1142 1001 de-

162 1014 245 1049 fecit,
267 1022 442 1051 corpusque
464 1022 503 1043 ex
525 1021 604 1050 equo
628 1013 755 1043 defluxit
776 1013 805 1042 in
828 1018 944 1043 terram.
987 1013 1180 1051 Hypsides³7

162 1060 279 1092 poterat
294 1055 416 1092 quidem
433 1055 583 1092 effugere,
600 1055 664 1089 sed,
681 1054 794 1084 amisso
811 1054 924 1091 amico,
940 1054 1016 1084 mori
1031 1055 1141 1085 statuit.

159 1098 227 1126 Una
242 1101 307 1127 erat
323 1105 407 1132 cura,
431 1105 468 1126 ne
483 1097 594 1126 inultus
612 1096 773 1126 occideret.
796 1097 915 1133 ltaque,
937 1096 1065 1126 subditis
1082 1097 1141 1126 cal—

160 1139 280 1169 caribus
297 1147 391 1175 equo,
410 1139 438 1167 in
455 1138 572 1168 medios
585 1139 689 1168 hostes
703 1146 736 1167 se
754 1138 875 1168 immisit
890 1143 934 1173 et,
955 1137 1141 1168 memorabili

160 1181 241 1210 edita
256 1189 366 1217 pugna,
385 1181 510 1210 obrutus
527 1180 594 1210 telis
612 1184 665 1210 est.
691 1180 778 1216 Quod
793 1179 844 1209 ubi
861 1180 972 1215 videre,
990 1179 1041 1216 qui
1057 1179 1178 1210 caeditis

159 1227 346 1259 supererant,
363 1223 505 1252 tumulum
519 1222 609 1258 paulo
624 1231 715 1258 quam
727 1226 828 1251 cetera
840 1221 996 1251 editiorem
1004 1221 1139 1258 capiunt:

160 1272 238 1301 quos
255 1264 445 1301 Spitamenes
462 1264 539 1292 same
560 1263 589 1292 in
612 1263 794 1292 deditionem
814 1264 995 1293 subacturus
1012 1262 1139 1292 obsedit.

159 1305 303 1334 Cecidere
322 1314 358 1335 eo
374 1305 490 1342 proelio
508 1304 642 1341 peditum
658 1305 683 1333 II
699 1304 793 1339 milia,
812 1305 879 1334 CCC
895 1305 1023 1341 equites.
1047 1304 1175 1340 Quamafl

159 1347 275 1376 cladem
290 1346 465 1376 Alexander
482 1346 596 1375 sollerti
614 1346 741 1376 consilio
759 1346 840 1382 texit,
856 1350 952 1376 morte
967 1346 1140 1376 denuntiata

159 1388 215 1424 his,
232 1388 283 1425 qui
299 1397 337 1417 ex
353 1388 469 1424 proelio
486 1388 682 1423 advenerant,
698 1387 724 1416 si
740 1392 807 1417 acta
822 1389 1007 1424 vulgassent.

572 1454 593 1483 C
602 1454 665 1483 ΑΡ.
690 1455 770 1483 VIII.

239 1513 305 1548 (33)
329 1515 466 1543 Ceterum
488 1522 580 1550 quum
602 1513 700 1542 animo
723 1513 876 1550 disparem
891 1513 1005 1542 vultum
1027 1511 1162 1542 diutiusl
1207 1529 1215 1551 l-

158 1556 235 1584 l‘erre
248 1564 307 1584 non
321 1560 436 1592 posset,
452 1555 481 1584 in
497 1555 723 1584 tabernaculum
740 1563 833 1591 super
845 1556 941 1592 ripam
956 1554 1087 1583 fluminis
1101 1554 1138 1583 de

156 1596 305 1626 industria
319 1597 450 1626 locatum
466 1597 605 1626 secessit.
641 1596 685 1625 lbi
701 1596 765 1626 sine
781 1596 899 1625 arbitris
916 1596 1034 1632 singula
1049 1594 1138 1624 animi
1147 1598 1166 1624 2>

156 1639 295 1667 consulta
311 1638 470 1675 pensando
487 1643 607 1668 noctem
622 1637 732 1674 vigiliis
744 1637 881 1673 extraxit,
898 1645 992 1673 saepe
1008 1637 1136 1674 pellibus

157 1680 342 1709 tabernaculi
359 1679 507 1714 allevatis,
524 1684 557 1709 ut
572 1679 765 1715 conspiceret
780 1679 911 1708 hostium
927 1678 1021 1715 ignes,
1039 1687 1056 1708 e
1073 1678 1135 1715 qui-

156 1721 213 1750 bus
229 1720 399 1750 coniectare
415 1725 547 1757 poterat,
570 1725 683 1757 quanta
704 1719 857 1750 hominum
873 1720 1029 1749 multitudo
1046 1724 1133 1749 esset.

158 1763 279 1799 Iamque
295 1763 344 1790 lux
361 1763 537 1798 appetebat,
566 1771 657 1798 quum
680 1762 832 1791 thoracem
854 1761 977 1791 indutus
999 1760 1171 1804 procedit31¹

1162 1801 1183 1905 ll
