1215 1905
205 88 276 117 L113.
291 88 369 116 VIII.
391 87 471 116 CAP-
486 87 564 123 XIV,
579 92 698 118 28—46.
720 98 786 124 [vui,
796 98 928 124 io—51.z.]
1019 88 1080 118 213

95 163 149 194 tuti
170 167 268 198 erant)
294 162 442 191 demisere
470 170 599 199 corpora
622 162 650 191 in
673 168 791 193 terram.
837 164 881 192 Ea
902 171 951 193 res
975 168 1004 193 et
1024 163 1077 193 Po-

95 214 161 234 rum
177 209 206 234 et
221 209 339 234 ceteros
354 203 521 233 victoribus
538 204 667 233 tradidit.

54 253 88 277 40
177 246 244 282 (51)
265 246 331 275 Rex
347 245 470 282 spoliari
487 253 599 282 corpus
611 246 688 280 Pori,
706 246 916 283 interemptum
932 254 1002 276 esse
1016 254 1078 275 cre-

96 289 188 324 dens,
205 288 301 324 iubet,
316 291 359 322 et,
382 286 433 323 qui
452 287 643 316 detraherent
658 287 782 316 loricam
799 292 991 324 vestemque,
1008 295 1079 317 con-

97 337 233 359 currere:
265 337 356 365 quum
378 328 468 357 belua
488 328 642 358 dominum
659 329 734 358 tueri
751 333 781 358 et
796 329 964 365 spoliantes
980 329 1081 366 coepit

95 375 240 408 appetere
256 371 448 406 levatumque
464 378 576 406 corpus
598 370 664 399 eius
680 379 786 400 rursus
803 371 895 400 dorso
912 379 968 400 suo
984 370 1079 407 impo-

97 420 178 442 nere.
218 412 298 449 Ergo
315 411 382 441 telis
398 412 531 448 undique
547 411 690 447 obruitur,
708 413 916 448 confossoque
932 420 968 441 eo
984 411 1012 440 in
1030 420 1076 440 ve-

55 454 228 483 ilhicqum
241 453 336 483 Porus
351 453 520 490 imponitur
566 453 659 488 Quem
676 462 731 482 rex
754 458 785 482 ut
807 453 880 483 vidit
900 454 1078 484 allevantem

97 497 219 530 oculos,
236 503 295 524 non
312 494 398 529 odio,
414 495 469 523 sed
485 494 678 524 miseratione
694 500 877 529 commotus,
896 495 990 529 Quae,
1012 503 1079 524 ma-

95 539 162 569 lum,
177 537 280 573 inquit,
296 537 423 565 amentia
434 540 460 565 te
470 538 570 573 coepit,
589 545 690 565 rerum
704 545 835 566 mearum
853 538 970 572 cognita
982 536 1079 571 fama,

97 580 164 608 belli
176 579 330 614 fortunam
347 579 487 614 experiri,
506 586 593 614 quum
617 578 738 607 Taxiles
758 582 831 607 esset
847 579 876 607 in
892 578 1003 607 deditos
1017 579 1080 607 cle-

55 622 218 649 ⁴2mentiae
239 628 321 649 meae
346 625 405 648 tam
430 621 628 656 propinquum
649 620 700 648 tihi
722 618 910 656 exemplum?
957 620 998 647 At
1021 618 1079 654 ille,

98 662 247 696 Quoniam,
264 660 369 697 inquit,
382 663 578 697 percontaris,
589 661 767 698 respondebo
781 670 817 690 ea
834 661 973 695 libertate,
992 668 1079 696 quam

96 703 305 739 futei-royando
316 702 424 738 fecisti.
466 703 614 732 Neminem
627 710 672 731 me
680 702 834 738 fortiorem
847 711 908 731 esse
919 703 1080 731 censebam.

96 745 181 774 Meas
190 746 267 774 enim
278 752 415 773 noveram
427 745 511 779 vires,
530 745 657 773 nondum
670 748 810 780 expertus
830 749 911 772 mas:
926 743 1080 779 fortiorem

95 794 157 814 esse
167 790 194 815 te
205 786 272 814 belli
282 786 379 814 docuit
394 790 519 814 eventus.
560 785 621 814 Sed
637 794 674 814 ne
686 787 729 814 sic
746 786 861 821 quidem
876 793 986 822 parum
1001 785 1081 821 seli-r·

53 831 172 861 issum,
189 827 334 855 secundus
352 827 410 855 tibi.
452 827 570 855 Rursus
586 825 797 862 interrogatus,
815 826 888 862 quid
904 826 970 863 ipse
986 826 1079 855 victo-

96 876 158 896 rem
174 871 306 897 statuere
326 867 437 896 debere
453 871 606 903 censeret,
628 868 713 902 Quod
733 869 796 901 hic,
815 867 927 904 inquit,
949 869 1011 897 dies
1031 868 1083 896 tibi

54 910 211 943 44suadet,
230 918 285 945 quo
303 913 441 945 expertus
458 918 503 943 es,
521 917 608 945 quam
619 910 736 938 caduca
744 909 874 944 felicitas
886 914 966 939 esset.
1009 909 1080 937 Plus

96 951 248 980 monendo
265 950 401 986 profecit,
419 958 509 987 quam
525 950 551 979 si
567 954 709 987 precatus
722 955 813 980 esset.
837 950 954 987 Quippe
967 951 1081 987 magni·

98 992 231 1021 tudinem
246 991 336 1020 animi
360 991 426 1020 eius
447 991 611 1021 interritam
633 1000 668 1021 ac
690 1001 728 1021 ne
752 994 871 1021 fortuna
893 992 1016 1028 quidem
1038 992 1081 1021 in—

98 1035 221 1063 fractam
238 1042 297 1062 non
313 1032 522 1062 misericordia
537 1034 644 1068 modo,
674 1035 729 1062 sed
750 1033 839 1062 etiam
861 1034 977 1063 honore
1000 1033 1081 1062 exci-

54 1080 86 1105 45
96 1083 169 1112 pere
185 1075 326 1112 dignatus
341 1079 396 1104 est.
437 1076 570 1111 Aegrum
585 1075 702 1104 curavit
715 1075 797 1104 haud
818 1083 923 1111 secus,
950 1083 1041 1111 quam
1056 1075 1082 1103 si

96 1125 151 1154 pro
165 1116 234 1153 ipso
249 1120 431 1153 pugnasset:
457 1117 664 1145 confirmatum
680 1121 786 1146 contra
801 1125 888 1153 spem
904 1116 1036 1146 omnium
1051 1116 1081 1145 in

98 1158 263 1187 amicorum
279 1165 436 1186 numerum
451 1158 580 1194 recepit:
596 1166 667 1187 mox
680 1158 804 1187 donavit
816 1157 960 1195 ampliore
976 1166 1080 1195 regno,

54 1204 87 1230 46
95 1208 185 1237 quam
203 1199 304 1228 tenuit.
347 1199 408 1228 Nec
424 1207 497 1228 sane
514 1199 676 1236 quicquam
691 1199 843 1236 ingenium
865 1199 931 1229 eius
953 1199 1081 1229 solidius

96 1246 147 1270 aut
162 1241 350 1270 constantius
365 1240 483 1276 habuit,
511 1249 600 1277 quam
622 1240 848 1271 admirationem
871 1249 961 1270 verae
982 1241 1081 1270 laudis

96 1288 126 1312 et
140 1283 270 1319 gloriae:
292 1282 460 1318 simplicIus
482 1287 580 1312 tamen
602 1283 712 1312 samam
733 1283 912 1312 aestimabat
931 1282 961 1312 in
983 1283 1081 1318 hoste,

97 1332 187 1360 quam
202 1325 231 1353 in
247 1323 325 1353 cive.
349 1323 469 1360 Quippe
481 1332 499 1352 a
510 1325 574 1353 suis
585 1324 728 1353 credebat
743 1324 979 1361 magnitudinem
995 1332 1082 1353 suam

96 1366 210 1396 destrui
226 1373 334 1403 posse:
360 1366 488 1394 eandem
504 1366 661 1395 clariorem
678 1367 756 1401 sore,
785 1374 845 1402 quo
862 1365 992 1395 maiores
1010 1365 1079 1394 fuis-

95 1412 171 1444 sent,
189 1415 267 1444 quos
284 1408 351 1443 ipse
367 1407 499 1436 vicisset,

443 1530 605 1559 LIBER
644 1530 693 1561 lx.

414 1618 724 1646 ARGUMENTUM.

95 1674 114 1698 1.
133 1674 196 1698 Poro
214 1674 321 1705 devicto,
338 1674 370 1698 ad
383 1674 494 1706 Hypasin
507 1682 586 1705 usque
598 1678 711 1706 penetrat
724 1675 865 1699 Alexander
874 1677 1005 1705 variasque
1022 1682 1083 1706 gen·

130 1713 168 1731 tes
185 1713 208 1731 et
227 1709 311 1737 urbes,
329 1715 434 1739 quarum
454 1716 536 1733 mores
554 1709 736 1740 describuntur,
759 1709 805 1732 sibi
823 1709 931 1734 subiicit.
970 1709 999 1734 11.
1019 1708 1083 1732 Gan-
