1215 1895
166 66 238 95 LlB.
252 65 303 94 Ν.
325 63 408 94 CAP.
421 63 485 99 XV,
501 67 579 94 20-
591 62 674 93 cAP.
687 61 766 98 XVI,
781 66 806 92 ὁ.
824 69 872 101 [iv.
887 72 972 94 tis-eo.
993 71 1033 99 z.]
1073 60 1114 92 73

79 141 223 179 aostipati
236 140 265 170 in
278 139 411 170 medium
424 147 532 177 agmen
544 143 735 176 receperunt.
751 136 998 168 Dicituracinace
1007 136 1113 167 stricto

120 184 238 214 Dareus
254 182 422 216 dubitasse,
437 190 475 210 an
489 182 579 218 fugae
591 181 728 210 dedecus
741 180 870 210 honesta
883 183 979 209 morte
994 178 1112 209 vitaret.

121 225 183 255 Sed
199 224 337 254 eminens
354 231 445 253 curru
461 223 596 252 nondum
608 230 728 251 omnem
745 230 870 251 suorum
882 220 979 251 aciem
994 220 1111 258 proelio

79 271 110 297 31
119 267 319 297 excedentem
341 264 507 295 destituere
529 264 746 294 erubescebat:
769 264 904 300 dumque
926 263 1003 292 inter
1025 269 1111 299 spem

121 313 151 339 et
167 307 413 345 desperationem
426 306 563 340 haesitat,
579 305 694 335 sensim
701 306 813 335 Persae
825 305 976 334 cedebant
987 308 1017 333 et
1029 305 1111 332 laxa-

122 353 227 380 verant
242 349 374 379 ordines.
396 348 581 382 Alexander,
598 352 711 377 mutato
728 355 866 384 equo‚—
878 346 992 383 quippe
1008 347 1115 382 plures

124 391 310 429 fatigaverat,
325 407 359 411 —
382 389 589 420 resistentium
605 390 737 419 adversa
753 397 806 418 ora
822 388 971 423 fodiebat,
995 387 1112 424 fugien-

78 434 191 464 :sanum
216 437 309 470 terga.
354 432 477 469 Iamque
498 440 558 461 non
575 440 694 468 pugna,
721 431 776 461 sed
791 430 904 460 caedes
920 433 999 463 erat,
1019 437 1111 466 quum

122 475 239 505 Dareus
261 482 386 512 quoque
407 482 529 503 currum
551 473 685 503 suumin
703 474 805 509 fugam
822 471 917 501 vertit.
962 471 1113 500 Haerebat

121 516 150 546 in
168 516 261 553 tergis
277 515 454 553 fugientium
471 515 576 549 vietor,
593 515 648 544 sed
666 519 863 551 prospectum
879 513 1038 542 oculorum
1057 522 1110 541 nu-

120 558 176 588 bes
192 557 344 595 pulveris,
361 565 441 595 quae
462 558 501 586 ad
517 557 637 587 coelum
654 557 821 590 ferebatur,
838 555 1019 584 abstulerat:
1037 562 1111 591 ergo

120 600 202 629 haud
223 607 316 630 secus
338 607 430 636 quam
445 598 473 628 in
495 598 628 629 tenebris
650 598 807 632 errabant,
829 597 868 626 ad
888 605 997 626 sonum
1021 601 1113 625 notae

79 646 113 672 33
121 641 223 677 vocis,
239 646 272 671 ut
287 641 422 678 signum,
441 641 571 670 subinde
587 642 744 670 coeuntes,
786 638 998 668 Exaudiebant
1012 642 1112 667 tamen

121 682 267 720 strepitus
284 683 486 718 habenarum,
509 682 622 720 quibus
638 681 710 718 equi
726 689 847 710 currum
863 680 1011 709 vehentes
1026 680 1110 708 iden-

122 724 214 755 tidem
230 725 484 754 verberabantur:
500 724 577 753 haec
593 724 659 753 sola
676 723 820 760 fugientis
834 721 965 758 vestigia
981 726 1113 758 excepta

121 771 201 797 sunt

500 832 594 861 CAP.
615 833 692 861 xvi

102 897 111 921 t
201 892 268 928 460)
290 892 329 920 At
344 891 373 920 in
389 891 477 920 laevo
492 889 693 919 Macedonum
709 898 821 924 cornu,
844 888 927 925 quod
942 888 1114 924 Parmenio,

122 933 276 963 sicutante
290 934 400 963 dictum
414 937 468 962 est.
478 933 624 968 tuebatur,
636 933 727 968 longe
742 932 800 961 alia
815 931 936 960 fortuna
952 930 1112 966 utriusque

122 974 218 1012 partis
230 983 279 1004 res
291 975 460 1011 gerebatur.
482 974 626 1003 Mazaeus
649 981 717 1002 curn
737 972 819 1002 omni
835 981 959 1002 suorum
976 971 1111 1008 equitatu

97 1017 316 1047 ‘uehementer
338 1016 477 1045 invectus
499 1016 627 1052 urgebat
647 1015 848 1044 Macedonum
869 1014 944 1043 alas.
987 1014 1112 1049 lamque

122 1059 283 1088 abundans
298 1057 489 1087 multitudine
510 1057 606 1086 aciem
628 1056 813 1085 circumvehi
836 1060 996 1092 coeperat,
1019 1063 1112 1091 quum

121 1099 280 1129 Parmenio
296 1099 416 1136 equites
431 1099 568 1128 nuntiare
583 1098 666 1127 iubet
679 1097 867 1132 Alexandro,
883 1097 912 1126 in
929 1104 990 1133 quo
1006 1095 1113 1125 discri-

122 1141 202 1171 mine
218 1141 277 1178 ipsi
293 1145 412 1170 essent:
436 1140 465 1170 ni
481 1145 596 1169 mature
610 1139 837 1175 subveniretur,
858 1147 917 1169 non
935 1146 1029 1175 posse
1045 1136 1112 1167 sisti

97 1184 233 1220 3fugam.
275 1183 337 1212 lam
353 1183 476 1212 multum
494 1181 560 1211 viae
577 1186 777 1218 praeceperat
798 1189 868 1214 rex,
889 1179 1050 1209 imminens
1068 1180 1111 1208 fu-

121 1225 266 1262 gientium
283 1224 390 1261 tergis,
414 1231 506 1261 quum
528 1232 545 1253 a
561 1224 757 1252 Parmenione
773 1222 866 1252 tristis
882 1222 1004 1251 nuntius
1020 1221 1112 1251 venit.

121 1268 288 1297 Refrenare
304 1275 403 1302 equos
421 1265 512 1300 iussi,
536 1265 587 1302 qui
604 1266 827 1301 sequebantur,
851 1272 1023 1301 agmenque
1039 1271 1111 1292 con-

122 1308 203 1342 stitit,
222 1308 378 1337 frendente
391 1307 582 1339 Alexandro,
603 1306 680 1343 eripi
693 1306 750 1336 sibi
768 1306 924 1335 victoriam
942 1315 958 1335 e
972 1305 1112 1334 numihus

100 1355 149 1381 §et
165 1351 293 1380 Dareum
310 1349 428 1379 felicius
445 1350 559 1386 fugere.
577 1357 668 1386 quam
685 1357 719 1378 se
735 1347 833 1385 sequi.
858 1348 977 1377 Interim
995 1348 1032 1376 ad
1049 1347 1110 1376 Ma-

122 1400 228 1422 zaeum
244 1391 380 1429 superati
393 1391 474 1427 regis
488 1392 567 1419 fama
579 1395 770 1427 pervenerat.
793 1390 908 1426 ltaque,
926 1397 1113 1425 quamquam

122 1434 251 1463 validior
276 1437 355 1467 erat,
384 1439 483 1462 tamen
511 1434 631 1462 fortuna
655 1432 785 1469 partium
811 1432 933 1461 territus
961 1429 1112 1467 perculsis

121 1475 294 1512 languidius
310 1475 450 1504 instabat.
493 1474 652 1504 Parmenio
673 1474 833 1510 ignorabat
849 1473 971 1509 quidem
988 1480 1112 1501 causam

122 1526 178 1548 sua
194 1522 305 1554 sponte
321 1525 441 1554 pugnae
457 1516 613 1549 remissae,
632 1516 686 1545 sed
704 1515 869 1544 occasione
882 1514 1024 1543 vincendi
1036 1519 1110 1542 stre-

95 1565 180 1591 5nue
195 1563 243 1588 est
259 1567 344 1588 usus,
378 1558 544 1587 Thessalos
561 1558 681 1594 equites
697 1558 734 1586 ad
752 1564 786 1586 se
803 1556 905 1585 vocari
923 1556 1014 1585 iubet.
1049 1555 1107 1584 Ec-

120 1602 194 1640 quid
202 1602 312 1630 videtis,
326 1599 433 1637 inquit,
445 1602 520 1634 istos,
533 1601 586 1637 qui
592 1600 735 1635 ferociter
746 1600 830 1627 modo
840 1599 996 1631 instabant,
1006 1598 1111 1634 pedem

120 1643 246 1679 referre.
267 1643 359 1672 ambito
378 1650 490 1679 pavore
507 1640 703 1678 perterritos?
727 1640 871 1669 Nimirum
894 1641 975 1669 nobis
999 1647 1113 1676 quoque

121 1688 201 1722 πρῖε
212 1686 305 1714 nostri
312 1685 437 1720 fortuna
450 1685 524 1713 vicia
537 1683 641 1713 Omnia
653 1683 813 1712 Persarum
823 1682 916 1712 caede
929 1686 1023 1711 strata
1036 1684 1111 1709 simf-
