1215 1905
140 103 201 134 216
269 123 274 128 ·
479 105 512 141 Q.
534 105 688 135 CURTII
710 105 819 136 RUFI

139 182 256 208 rerunt:
271 179 330 207 tela
344 177 411 207 aliis
426 178 546 215 hastae,
561 179 628 209 aliis
643 188 767 209 secures
784 184 882 216 erant,
899 181 1114 212 transiliebant-

139 228 200 255 que
215 219 245 248 in
260 219 399 248 vehicula
414 224 537 250 strenuo
554 221 640 257 saltu,
656 230 747 257 quum
763 229 940 251 succurrere
955 223 1114 253 laboranti-

141 261 197 289 bus
213 261 276 289 suis
293 261 412 290 vellent.
453 263 498 290 Ac
519 262 615 298 primo
634 261 787 292 insolitum
808 270 904 299 genus
920 271 1039 299 pugnae
1053 265 1114 294 Ma·
1123 269 1156 294 16

140 302 271 330 cedonas
284 302 395 337 terruit,
405 311 495 338 quum
507 302 623 332 eminus
632 305 872 333 vulnerarentur:
886 304 1003 341 deinde,
1012 309 1114 341 spreto

141 347 198 371 tam
214 343 367 373 incondito
383 344 511 379 auxilio,
527 345 565 373 ab
582 348 709 381 utroque
722 345 813 374 latere
829 345 974 374 vehiculis
990 347 1114 375 circum-

140 384 198 412 fusi
223 389 426 421 repugnantes
453 386 556 414 fodere
587 390 761 422 coeperunt.
812 387 849 415 Et
880 386 1014 422 vincula,
1047 387 1115 424 quis
1125 391 1155 417 17

140 430 280 455 conserta
295 430 392 460 erant,
415 426 503 456 iussit
517 425 623 462 incidi,
646 435 706 463 quo
724 427 840 456 facilius
856 427 974 464 singula
989 428 1113 457 circum-

140 467 320 496 venirentur.
362 468 482 503 Itaque,
503 468 571 496 VIII
586 468 704 497 milibus
720 476 843 497 suorum
858 468 994 504 arnissis,
1015 470 1045 497 in
1061 478 1114 506 op—

139 508 241 544 pidum
256 509 440 545 refugerunt.
480 509 604 538 Postero
626 509 689 544 die,
717 509 807 538 scalis
828 509 962 546 undique
977 510 1157 546 admotiS,1e

139 549 214 578 muri
230 554 427 586 occupantur:
443 550 548 586 paucis
563 550 724 586 pernicitas
741 551 828 580 saluti
844 551 910 579 suit:
924 550 983 587 qui,
994 551 1113 587 cognito

140 590 221 619 urbis
247 591 376 625 excidio,
402 591 543 627 paludem
570 595 763 620 transnavere
788 596 817 620 et
836 591 866 620 in
886 591 986 620 vicina
1002 592 1115 629 oppida

139 631 289 668 ‘mgentem
304 632 429 661 intulere
444 636 596 668 terrorem,
612 632 753 661 invictum
768 632 932 662 exercitum
947 637 977 662 et
988 633 1114 662 deorum

139 673 274 709 profecto
290 672 454 701 advenisse
469 677 679 702 memorantes.

217 713 262 749 (4)
284 714 464 748 Alexander,
481 714 520 742 ad
535 714 712 743 vastandam
730 722 796 743 eam
807 714 961 751 regionem
973 715 1115 744 Perdicca
1125 718 1156 744 19

139 763 206 784 cum
224 755 365 791 expedita
380 763 469 783 manu
484 755 592 790 misso,
616 759 730 791 partem
747 755 901 791 copiarum
917 757 1041 785 Eumelii
1057 760 1113 785 tra-

138 796 228 831 didit,
257 800 286 825 ut
308 796 333 825 is
350 804 472 832 quoque
494 796 638 825 barbaros
653 797 692 826 ad
707 797 890 826 deditionem
906 798 1112 834 compelleret:

138 837 205 874 ipse
221 842 337 866 ceteros
353 838 392 866 ad
408 838 511 866 urbem
527 837 669 872 validam,
695 837 724 866 in
747 846 836 874 quam
851 838 974 866 aliarum
991 845 1113 874 quoque

138 879 334 915 confugerant
349 878 480 912 incolae,
497 878 588 907 duxit.
633 878 796 914 Oppidani,
813 878 928 913 missis,
947 879 997 914 qui
1012 884 1155 915 regem20

137 921 380 956 deprecarentur,
396 918 588 948 nihilominus
603 920 712 948 bellum
729 920 881 954 parabant.
917 919 1034 956 Quippe
1048 924 1113 949 orta

137 960 245 990 seditio
261 961 290 989 in
306 960 427 989 diversa
449 960 574 988 consilia
595 960 753 989 diduxerat
774 961 909 996 vulgum:
939 961 989 988 alii
1014 960 1114 989 omnia

137 1002 290 1030 deditione
307 1001 438 1037 potiora,
461 1001 582 1036 quidam
597 1002 708 1029 nullam
723 1008 811 1037 opem
831 1000 860 1029 in
880 1001 956 1037 ipsis
973 1009 1042 1030 esse
1059 1002 1112 1030 du-

138 1043 252 1072 cebant.
299 1042 359 1071 Sed
375 1042 446 1070 dum
462 1041 533 1070 nihil
548 1042 577 1070 ln
593 1050 750 1071 commune
766 1042 947 1078 consulitur,
965 1043 1016 1078 qui
1031 1043 1151 1071 dedi-21

136 1084 208 1113 tioni
224 1083 430 1118 imminebant,
453 1082 564 1119 apertis
580 1083 690 1119 portis,
711 1084 828 1112 hostem
843 1083 1000 1119 recipiunt.
1043 1084 1111 1112 Ale-
1120 1087 1154 1112 22

136 1125 259 1161 xander,
286 1133 469 1161 quamquam
492 1124 562 1153 belli
581 1124 755 1153 auctoribus
780 1124 844 1153 iure
870 1128 988 1160 poterat
1012 1124 1111 1160 irasci,

135 1171 233 1195 tamen
250 1166 389 1195 omnibus
406 1165 494 1194 venia
510 1166 578 1194 data
594 1170 623 1195 et
638 1165 795 1194 obsidibus
812 1166 960 1202 accepsss,
988 1166 1026 1194 ad
1041 1174 1110 1202 pro-

136 1208 244 1236 ximam
261 1208 370 1236 deinde
385 1208 489 1236 urbem
512 1211 610 1236 castra
631 1207 732 1236 movit.
776 1206 905 1236 Obsides
927 1207 1154 1237 ducebantur23

133 1252 202 1277 ante
217 1257 334 1285 agmen.
380 1248 462 1284 Quos
479 1257 569 1284 quum
593 1256 631 1276 ex
651 1247 743 1277 muris
769 1248 981 1284 agnovissent,
1008 1252 1112 1285 utpote

134 1289 232 1326 gentis
254 1290 405 1324 eiusdem,
432 1289 461 1318 in
485 1289 668 1325 colloquium
690 1294 945 1318 convocaverunt.
988 1290 1031 1317 Illi
1053 1289 1111 1318 cle-

134 1330 275 1360 mentiam
289 1331 370 1367 regis
387 1330 538 1366 simulque
554 1330 614 1358 vim
634 1331 897 1359 commemorando
924 1330 963 1359 ad
985 1329 1111 1360 deditio-

133 1380 201 1401 nem
217 1380 271 1401 eos
287 1373 476 1408 compulere:
503 1375 682 1408 ceterasque
703 1372 793 1400 urbes
809 1371 897 1400 simili
912 1371 1001 1401 modo
1018 1371 1113 1401 domi-

133 1417 178 1442 tas
195 1413 223 1441 in
240 1413 330 1442 fidem
345 1413 472 1449 accepit.

213 1453 258 1489 (5)
287 1454 362 1483 Hinc
383 1454 413 1482 in
433 1462 557 1490 regnum
574 1453 709 1489 Sopithis
730 1458 907 1490 perventum
923 1458 978 1483 est.
1023 1453 1153 1489 Gens,24

132 1500 164 1525 ut
192 1496 312 1524 barbari
339 1495 479 1530 credunt,
506 1495 653 1531 sapientia
675 1495 795 1524 excellit
809 1495 959 1532 bonisque
976 1495 1110 1524 moribus

130 1537 253 1573 regitur.
303 1537 426 1566 Genitos
451 1537 562 1565 liberos
589 1545 647 1565 non
676 1541 832 1572 parentum
858 1536 979 1565 arbitrio
1006 1536 1152 1565 tollunt25

132 1579 285 1613 aluntque,
307 1579 362 1607 sed
378 1586 491 1613 eorum,
509 1577 618 1614 quibus
635 1577 793 1614 spectandi
808 1577 964 1606 infantium
978 1576 1111 1605 habitum

132 1627 203 1648 cura
218 1620 358 1648 mandata
374 1622 428 1648 est.
453 1618 485 1647 Si
501 1627 578 1655 quos
594 1618 728 1655 insignes
744 1622 795 1648 aut
809 1618 910 1655 aliqua
924 1622 1008 1655 parte
1020 1625 1110 1646 mem-

130 1659 253 1689 brorum
268 1659 388 1689 inutiles
404 1664 591 1695 notaverunt,
608 1659 709 1689 necari
725 1659 835 1689 iubent.
871 1658 988 1695 Nuptiis
1001 1660 1151 1690 coeunt‘m

131 1708 190 1729 non
207 1708 318 1737 genere
334 1709 369 1729 ac
385 1700 539 1730 nobilitate
555 1700 739 1736 coniunctis,
765 1701 820 1730 sed
836 1701 931 1729 electa
947 1707 1109 1738 corporum
