1210 1895
104 125 148 143 xiv
505 119 735 145 paam-Avo.

101 189 169 218 Quae
188 196 235 220 ego
255 189 353 220 scripsi,
377 191 475 212 struunt
492 188 572 212 latere
586 195 661 218 puro,
678 188 833 219 significant:
853 193 950 213 struunt
961 188 1046 217 latere,
1063 190 1130 214 nulla

100 222 212 247 adhibita
237 223 355 250 materia,
387 222 458 246 cuius
483 221 546 246 illud
569 222 650 245 solum
678 226 730 245 erat
749 222 842 246 sterile.
878 223 962 247 Purus
979 224 1131 249 adiectivum

100 256 163 280 hanc
182 256 274 280 habere
292 256 500 287 significationem
525 255 605 280 lexica
629 256 725 280 docent.
769 256 875 280 Faeilior
894 257 969 280 etiam
988 258 1129 282 coniectura

101 291 174 316 (uerit
192 291 292 321 optimo:
313 290 386 314 facile
404 290 470 314 enim
490 297 504 314 o
523 289 669 314 intercidere
691 294 714 313 et
733 297 763 314 ex
773 291 849 320 ptimo
864 290 916 314 fieri
939 292 1020 322 potuit
1035 293 1130 322 primo.-

99 324 222 348 seutentia
240 328 322 348 tamen
346 325 430 348 minus
449 324 548 348 videtur
566 327 625 355 apta
644 331 710 348 esse.

166 358 221 386 vn,
239 357 256 383 3
275 358 343 389 (12),
363 357 388 383 9.
410 357 452 383 10.
475 371 509 376 —
528 358 659 388 accipiunt.
697 358 741 381 Ad
754 358 855 382 medium
871 359 931 383 vites
945 363 970 383 et
978 359 1129 384 arbores—-

97 392 258 424 obtegunt.
300 392 355 416 Non
374 392 457 423 recepi
476 392 670 416 audacissimam
688 392 795 423 Zumptii
815 393 981 417 coniecturam
1000 394 1128 418 admittunt

98 434 142 458 pro
161 427 285 457 accipiunt
309 427 345 450 ad
370 427 485 455 medium,
512 426 558 449 sed
580 426 678 450 codices
704 430 728 449 et
750 426 866 458 vulgares
887 427 1008 452 editiones
1028 433 1128 452 secutus

97 468 161 485 sum.
203 460 286 492 Vulgo
310 465 393 484 tamen
418 464 476 492 post
499 460 600 484 medium
629 460 825 492 interpungitur:
861 468 907 492 ego
933 462 1032 486 codices
1055 469 1127 486 secu-

97 500 137 518 tus
160 499 218 526 post
242 495 365 525 accipiunt
388 495 462 526 posui
485 498 614 526 puuctum.
658 494 753 518 Deinde
771 494 884 526 obtegunt
902 503 946 527 pro
966 496 1066 528 vulgato
1085 496 1129 520 ob-

97 532 171 553 ruunt
191 529 290 560 scripsi.
327 529 377 553 Res
396 529 457 552 satis
476 533 562 560 aperta
584 532 628 552 est.
672 529 758 552 Hieme
778 529 840 552 vites
863 534 886 553 et
905 530 1005 554 arbores
1026 531 1126 562 penitus

97 563 214 587 defossae
234 563 326 587 latent:
353 563 398 586 sed
417 563 491 587 etiarn
512 563 607 593 reliqua
626 562 683 586 anni
702 566 773 594 parte
791 566 874 587 tantus
894 567 972 588 terrae
991 564 1059 596 rigor
1078 569 1121 590 est-

96 602 122 620 ut
141 604 244 629 prorsus
264 604 347 621 carere
368 600 512 628 tegumento
532 601 556 620 et
578 597 668 628 exponi
691 596 780 628 frigori
798 602 935 628 nequeant,
956 599 1001 622 sed
1020 598 1052 623 nd
1075 605 1126 622 me—

97 631 165 655 dium
183 636 249 655 certe
271 632 384 655 obtectae
404 631 510 655 debeant
527 638 591 654 esse.
633 630 714 654 Etiam
734 631 758 654 in
777 631 868 655 nostris
887 632 1032 663 regionibus
1052 633 1124 656 arho-

96 673 135 689 res
154 665 311 690 delicatiores
330 666 361 689 ab
383 665 521 689 hortulanis
545 669 678 690 auctumno
704 668 728 688 et
750 664 832 689 hieme
851 673 931 696 usque
950 667 984 691 ad
1005 666 1124 696 medinm,

98 700 159 723 vites
178 704 261 723 autem
280 704 355 730 atque
375 700 449 723 etiam
468 699 573 723 tenellae
593 699 687 729 aliquot
706 699 807 723 arbores
826 703 891 723 totae
905 704 1040 724 stramento
1057 701 1114 724 obte

95 738 196 765 guntur.
234 733 284 757 Sed
302 733 349 757 hac
369 734 423 765 ipsa
443 734 474 758 de
493 740 583 761 causa,
610 734 670 764 qnia
694 733 747 757 siue
772 734 847 757 dubio
873 741 921 757 nou
941 739 1005 758 terra
1023 734 1124 758 arbores

96 773 118 792 et
139 768 204 792 vites
223 768 399 795 obruebantur,
418 768 463 791 sed
479 771 613 791 stramento
634 767 815 799 obtegebantur
834 775 847 791 a
860 768 1071 799 Parapamisadis,
1083 769 1123 792 vb-

95 805 176 833 teyunt
193 802 288 833 scripsi.

162 836 216 863 Vll,
235 835 252 860 3
270 834 340 866 (13),
361 833 402 859 17.
425 843 487 859 nunc
504 836 528 859 z'n
547 836 658 859 medio.
687 835 769 867 Vulgo
784 836 893 860 medium.
921 836 1000 865 Quum
1016 843 1123 867 sequnn-

95 875 134 893 tur
153 870 270 901 deinceps
290 870 364 893 verba
382 877 444 893 nunc
463 870 487 893 z'n
505 870 585 893 ultimo
606 870 709 901 agmine,
729 877 880 900 quamquam
901 871 978 901 probe
997 871 1058 900 scio,
1077 871 1123 894 ad-

93 908 150 928 erat
168 904 191 928 in
210 904 310 928 medium
330 904 417 927 Latine
436 903 496 931 dici,
517 908 612 931 tamen,
632 904 751 934 quoniam
773 908 898 928 extremae
917 904 1028 936 syllabae
1048 912 1122 929 voca-

94 938 208 962 bulorum
226 939 250 962 in
262 938 335 962 codd.
348 937 470 961 Curtiauis
490 941 540 962 tam
559 945 635 969 saepe
654 941 785 969 corruptae
802 942 866 967 sunt,
886 945 963 963 ausus
977 945 1032 962 snm
1047 939 1121 963 corri-

94 980 153 1004 gere
171 973 196 996 in
216 973 302 996 medlo.

161 1006 213 1034 vn,
232 1005 249 1030 4
269 1005 337 1036 (16).
356 1004 380 1031 9.
401 1006 536 1036 periculum
557 1004 595 1023 *¹*
615 1005 731 1038 [Bessus]
753 1005 765 1021 ⁴¹
778 1005 791 1021 *
810 1007 921 1036 poculum
939 1020 982 1030 -.
1026 1006 1122 1030 Besa-us

94 1042 155 1064 inter
174 1041 278 1064 lacunae
299 1041 371 1071 signa
387 1039 533 1071 inter-posui,
551 1044 576 1063 ut
591 1040 675 1064 statim
691 1039 783 1072 legenti
801 1044 928 1071 appareat,
939 1048 1003 1070 quae
1014 1047 1121 1070 sequan-

94 1080 132 1098 tur
151 1075 234 1102 verba,
253 1074 285 1098 ad
304 1074 372 1097 illum
392 1074 487 1098 referri.

160 1108 213 1137 Vll,
232 1107 248 1132 4
268 1106 338 1139 (16),
360 1108 399 1132 ll.
421 1108 645 1139 aliasc-upz'dz'tas.
664 1107 814 1131 Acutissime
825 1108 885 1131 vidit
895 1108 993 1140 leepius
1002 1108 1041 1140 (p.
1053 1107 1121 1139 62),

93 1143 220 1174 vulgarem
241 1142 371 1165 lectionem
389 1143 445 1166 aliis
465 1143 610 1166 mendosam
630 1149 693 1166 esse.
737 1141 776 1164 Ad
793 1142 868 1165 verba
885 1141 967 1166 obstat
984 1146 1059 1166 metus
1077 1143 1120 1166 ad-

94 1176 201 1200 dendum
219 1180 256 1199 est
275 1176 347 1204 alias,
368 1180 394 1199 ut.
409 1176 576 1206 respondeant
586 1177 634 1200 sihi
645 1176 694 1199 iam
703 1176 768 1200 alias
778 1189 811 1193 —
821 1177 887 1200 alias
897 1188 930 1194 —-
941 1184 1118 1208 nonnunquam.

159 1211 212 1238 vn,
231 1209 247 1234 4
266 1208 335 1240 (16),
357 1210 396 1234 11.
425 1209 555 1239 Expertus
572 1218 599 1234 es
616 1214 688 1233 utcu
699 1217 792 1240 nque,
820 1210 886 1241 quod
905 1211 958 1240 ipse
976 1212 1120 1241 reppereris

92 1257 132 1268 —.
171 1244 250 1268 Etiam
273 1243 335 1267 haec
357 1244 497 1267 emendatio
525 1244 607 1275 Ieepio
631 1243 660 1274 (l.
687 1243 718 1274 l.)
743 1243 854 1267 debetur.
892 1243 974 1276 Vulgo
998 1244 1120 1268 audacius

92 1283 228 1302 correctum
246 1291 280 1296 -—
299 1285 500 1310 unumquemque,
530 1278 595 1309 quod
611 1278 664 1308 ipse
684 1278 826 1308 reppererit
842 1290 883 1306 —,
909 1285 984 1308 quum
1004 1279 1028 1302 in
1045 1279 1118 1302 codd.

92 1313 122 1336 sit
138 1317 265 1344 zan-umque
284 1312 337 1343 (vel
354 1312 492 1343 utramque)
512 1326 541 1328 ›-—
561 1312 714 1342 reppereris.

160 1347 213 1375 vn,
231 1345 248 1370 4
267 1345 334 1377 (19),
355 1346 396 1370 34.
416 1346 470 1370 dua:
479 1346 574 1370 hostilis
583 1347 709 1370 exereitus
720 1344 871 1377 [EriyyiusJ.
909 1346 939 1368 V.
955 1346 1025 1376 epist.
1038 1353 1062 1377 p.
1074 1345 1117 1370 42.

158 1381 210 1410 VII,
229 1380 245 1404 4
262 1380 332 1411 (19).
351 1380 392 1406 40.
412 1381 450 1404 cm·
459 1380 578 1412 Erigyius
593 1380 673 1410 spolia
683 1379 788 1403 barbari
801 1381 875 1403 caesi.
912 1380 942 1403 V.
956 1379 1029 1410 epist.
1040 1387 1063 1411 p.
1075 1378 1116 1403 43.

159 1415 210 1443 Vll,
230 1415 245 1439 5
265 1414 337 1446 (21),
358 1414 397 1440 16.
418 1428 451 1432 —-
471 1423 541 1446 quam
558 1415 755 1445 praeterierant,
772 1415 814 1445 qui
835 1421 919 1444 aqnzen
938 1414 1115 1438 eludebant.

91 1449 157 1473 Vera
175 1449 238 1474 haec
255 1449 328 1473 lectio
348 1453 393 1477 est,
413 1456 427 1473 a
446 1449 527 1480 Ieepio
547 1448 585 1480 (p.
603 1446 677 1475 426.)
697 1452 801 1479 reperta.
839 1448 912 1471 Extat
936 1447 978 1471 illa
1002 1448 1026 1471 in
1045 1447 1115 1471 Leid.

91 1483 164 1507 Voss.
183 1483 209 1507 2.
238 1483 303 1507 Flor.
322 1483 351 1514 G,
378 1483 425 1507 nisi
449 1483 517 1513 quod
538 1483 562 1506 in
581 1482 628 1506 illis
648 1481 770 1506 ducebant
786 1489 830 1513 pro
849 1481 979 1506 eludebant
997 1482 1117 1513 seriptum

91 1521 137 1541 est.
176 1517 227 1541 Hoc
245 1517 343 1548 Ieepius
361 1517 501 1541 coniectura
520 1517 621 1540 invenit.

158 1551 211 1579 Vll,
231 1550 246 1574 5
264 1550 333 1582 (22),
354 1551 395 1575 ⁶25.
414 1565 447 1568 —
466 1551 512 1575 sed
528 1551 678 1575 Ale-‘candro
694 1550 815 1580 propitios
833 1557 914 1579 csse,
936 1550 1026 1573 cuius
1045 1549 1117 1573 viclo-

91 1586 152 1608 rz'am
169 1592 265 1616 semper
284 1586 356 1609 etiam
372 1586 485 1609 Itos-tes
504 1585 710 1609 adiuvissent.
746 1583 829 1615 Vulgo
848 1590 903 1608 esse
922 1590 980 1609 om.‚
1000 1588 1022 1606 et
1041 1582 1117 1606 hostis

90 1619 225 1643 adiuvisset
242 1620 366 1643 scribitur.
394 1618 444 1643 Sed
455 1619 557 1651 vulgata
568 1619 640 1643 lectio
654 1618 711 1642 Aldi
722 1618 863 1641 coniectura
873 1620 926 1641 orta
936 1620 986 1641 est:
1006 1617 1031 1640 in
1042 1617 1114 1640 codd.

90 1654 212 1684 reperitur
224 1654 349 1683 propitios
368 1654 488 1677 insecutos
506 1653 640 1678 victoriam.
679 1651 837 1676 Manifestum
856 1651 905 1675 iam
924 1655 974 1678 est,
996 1651 1064 1674 cuius
1079 1651 1116 1674 ui-

90 1687 122 1710 hil
141 1694 197 1710 esse
214 1687 262 1711 nisi
279 1687 380 1711 alteram
399 1690 495 1719 partem
512 1688 581 1711 verbi
600 1687 762 1711 insecutos.-
788 1685 933 1715 relinquitur
957 1685 1022 1716 inee,
1049 1684 1116 1715 quod

90 1728 136 1752 ego
156 1721 257 1751 quidem
275 1721 298 1745 in
317 1729 370 1746 esse
390 1721 493 1745 mutavi.
530 1721 627 1745 Etenim
645 1724 708 1744 recte
727 1720 819 1744 Bessus
832 1718 912 1742 Dareo
924 1718 982 1743 dicit
997 1719 1057 1742 deos
1066 1725 1116 1742 non
