1215 1905
164 81 224 112 102
507 81 540 117 Q.
564 81 717 111 CURTII
737 80 845 111 RUFI

164 161 314 193 cauteque
330 155 464 186 vitasset.
498 156 617 185 Donum
633 164 701 186 eum
716 155 796 185 hosti
811 157 940 186 laturum
956 155 1051 186 fuisse
1065 156 1147 194 regis

164 202 265 234 caput.
303 197 365 226 Nec
387 196 503 233 mirari,
524 197 675 227 hominem
691 197 832 226 mercede
851 197 1033 227 conductum
1048 194 1175 228 omnia&
1214 220 1215 224 ,

163 239 276 268 habere
293 238 425 268 venalia:
453 238 520 268 sine
540 238 682 275 pignore,
709 238 776 268 sine
796 239 873 275 lare,
901 242 1043 268 terrarum
1065 238 1147 268 orbis

164 281 293 316 exulem,
306 279 468 316 ancipitem
481 280 608 316 hostem,
620 280 660 309 ad
671 284 774 310 nutum
787 279 940 309 licendum
952 280 1146 309 circumferri.

162 321 304 357 Purganti
320 321 430 350 deinde
446 330 480 350 se
495 322 634 357 deosque
649 321 764 358 patrios
781 325 874 350 testes
889 321 960 350 fidei
977 329 1051 351 suae
1063 321 1173 352 inm-3

164 363 244 392 canti
258 364 375 392 Dareus
390 363 475 392 vultu
490 362 727 397 assentiebatur,
748 362 829 391 haud
845 362 971 397 dubius,
990 362 1062 399 quin
1076 371 1164 396 vera,

164 405 354 434 deferrentur
370 412 387 432 a
404 403 542 433 Graecis:
564 404 619 433 sed
635 412 671 433 eo
686 411 787 433 rerum
803 408 924 433 ventum
939 407 1018 439 erat,
1041 408 1073 433 ut
1089 408 1158 442 tam?

164 446 372 482 periculosum
388 449 486 481 esset,
502 453 563 474 non
580 445 705 474 credere
719 444 798 480 suis,
816 453 906 481 quam
922 444 1032 482 decipi.
1068 446 1173 476 XXX4

163 487 244 516 milia
265 491 364 522 erant,
387 495 515 523 quorum
530 486 672 516 inclinata
687 486 716 515 in
733 487 834 516 scelus
850 486 958 516 levitas
974 486 1146 516 timebatur:
1178 480 1189 512 1⁴*

163 529 205 558 IV
227 528 308 557 milia
327 528 437 557 Patron
457 528 602 557 habebat:
631 527 740 565 quibus
763 527 789 557 si
811 528 993 557 credidisset
1018 529 1146 558 salutem

164 578 264 605 suam,
288 570 429 600 damnata
439 568 632 606 popularium
646 570 722 605 fide,
739 569 902 605 parricidio
918 569 1148 599 excusationem
1177 599 1178 610 χ

164 611 286 640 videbat
301 611 412 640 offerri.
455 612 560 647 Itaque
574 611 787 647 praeoptabat,
810 610 957 640 immerito
978 619 1068 647 quam
1082 610 1147 640 iure
1157 611 1178 640 5

165 652 280 682 violari.
324 652 422 682 Besso
445 656 543 682 tamen
566 652 742 682 insidiarum
764 651 924 681 consilium
945 652 1086 689 purganti
1100 660 1146 681 re-
1176 646 1188 669 '²'

164 694 303 731 spondit,
323 693 490 723 Alexandri
506 693 563 722 sibi
579 701 639 722 non
660 693 758 723 minus
780 693 923 723 iustitiam
945 701 1035 730 quam
1057 693 1147 723 virtu-
1176 699 1177 703 ’

165 740 223 765 tem
246 743 317 765 esse
339 739 541 772 perspectam.
584 735 658 764 Falli
680 744 750 770 eos,
777 735 828 771 qui
850 734 1032 771 proditionis
1053 735 1090 764 ab
1110 743 1146 764 eo
1175 747 1177 759 1

164 777 332 814 praemium
344 781 519 813 expectent:
535 776 662 805 violatae
674 776 745 806 fidei
759 775 909 805 neminem
921 775 1069 805 acriorem
1083 776 1148 805 fore
1175 767 1186 805 11

163 818 316 848 vindicem
331 819 530 854 ultoremque.
562 818 685 854 lamque
701 826 763 847 nox
778 817 955 854 appetebat,
973 825 1064 854 quum
1078 817 1147 846 Per·
1157 820 1176 865 6

164 868 218 889 sae
233 868 317 889 more
333 859 438 894 solito,
459 859 550 888 armis
566 859 691 895 positis⁷
707 859 747 888 ad
762 858 938 888 necessaria
953 867 989 887 ex
1007 858 1146 894 proximo
1174 865 1186 899 μ

163 901 232 931 vico
256 901 380 930 serenda
406 900 586 930 discurrunt.
625 902 665 930 At
685 900 850 935 Bactriani,
878 904 910 929 ut
930 899 1108 936 imperatum
1129 907 1148 928 a
1175 900 1176 905 ¹

163 942 261 972 Besso
278 947 350 977 erat,
366 942 470 971 armati
486 942 613 971 stabant.

243 983 310 1020 (33)
332 985 410 1013 Inter
426 984 500 1012 haec
514 984 628 1012 Dareus
640 983 821 1012 Artabazum
837 982 928 1012 acciri
940 982 1036 1012 iubet:
1053 986 1184 1018 expo-7

165 1025 307 1061 sitisque,
325 1033 404 1061 quae
419 1025 526 1054 Patron
543 1025 704 1059 detulerat,
720 1024 801 1053 haud
817 1024 953 1053 dubitare
968 1024 1147 1060 Artabazus,
1174 1026 1175 1030 ’

166 1067 238 1104 quin
250 1067 467 1097 transeundum
479 1070 563 1095 esset
574 1065 604 1094 in
616 1069 715 1095 castra
731 1065 930 1094 Graecorum:
945 1065 1054 1094 Persas
1071 1073 1140 1101 quo·
1172 1099 1174 1101 ¹

165 1117 234 1145 que,
250 1108 386 1145 periculo
405 1108 533 1144 vulgato,
551 1111 720 1136 secuturos
749 1106 923 1136 Destinatus
940 1105 1014 1136 sorti
1030 1114 1103 1135 suae
1119 1109 1173 1141 ets

166 1150 224 1178 iam
240 1149 350 1179 nullius
367 1149 497 1178 salubris
514 1148 633 1178 consilii
648 1148 766 1184 patiens
782 1147 902 1177 unicam
917 1147 947 1177 in
963 1147 1013 1177 illa
1029 1148 1147 1177 fortuna
1171 1147 1183 1173 Ξ.
1212 1178 1215 1183 ,

165 1199 263 1227 opem,
272 1190 463 1224 Artabazum,
478 1189 612 1219 ultimum
623 1189 706 1218 illum
719 1189 850 1225 visurus,
861 1188 1065 1225 amplectitur:
1078 1197 1146 1225 per·
1212 1190 1215 1197 ¹

166 1233 315 1268 fususque
336 1231 446 1260 mutuis
470 1230 600 1260 lacrimis
628 1230 833 1260 inhaerentem
860 1230 917 1259 sibi
939 1230 1029 1259 avelli
1049 1229 1146 1259 iubet=
1171 1231 1172 1240 ¹

164 1273 263 1310 capite
280 1273 390 1302 deinde
405 1273 520 1308 velato,
544 1280 581 1301 ne
597 1271 673 1301 inter
687 1271 816 1308 gemitus
833 1271 1051 1308 digredientem
1065 1272 1148 1301 velut
1171 1302 1172 1305 ,

164 1324 182 1344 a
197 1323 272 1351 rogo
289 1315 463 1350 intueretur,
479 1313 508 1342 in
523 1314 646 1343 humum
661 1321 789 1349 pronum
805 1321 917 1349 corpus
933 1312 1052 1342 abiecit.
1073 1313 1147 1342 Tum
1155 1316 1171 1343 9

165 1365 237 1385 vero
254 1355 393 1385 custodia
408 1355 473 1384 eius
492 1354 616 1390 assueti,
634 1363 712 1391 quos
727 1354 807 1391 regis
823 1355 949 1384 salutem
966 1354 1013 1383 vel
1029 1352 1145 1390 pericu·
1168 1363 1170 1394 t

164 1397 201 1427 lis
219 1397 296 1427 vitae
313 1396 388 1426 tueri
404 1397 577 1433 oportebat,
600 1396 711 1433 dilapsi
726 1400 809 1431 sunt,
832 1395 968 1431 armatis,
993 1403 1071 1432 quos
1088 1395 1146 1424 iam
1168 1397 1170 1403 ’

164 1439 329 1468 adventare
350 1438 527 1474 credebant,
549 1438 631 1467 haud
646 1437 702 1466 rati
717 1446 750 1467 se
768 1438 884 1466 futuros
899 1445 1000 1474 pares.
1036 1437 1145 1473 Ingens

165 1488 237 1517 ergo
250 1480 280 1509 in
294 1480 487 1509 tabernaculo
502 1479 633 1509 solitudo
647 1483 718 1514 erat,
731 1478 838 1515 paucis
852 1478 1051 1515 spadonibus,
1066 1477 1144 1514 quia,
1167 1490 1170 1528 j

166 1530 226 1558 quo
249 1521 455 1557 discederent,
479 1530 539 1551 non
562 1521 727 1555 habebant,
750 1519 1013 1549 circumstantibus
1033 1527 1144 1555 regem.
1168 1547 1169 1550 ,

164 1564 204 1592 At
224 1563 288 1598 ille,
310 1562 434 1592 remotis
450 1562 584 1597 arbitris,
609 1561 660 1591 diu
681 1561 762 1590 aliud
777 1565 868 1597 atque
883 1560 965 1590 aliud
988 1552 1168 1590 consiliuml¹

165 1603 264 1633 animo
283 1605 445 1634 volutabat.
487 1605 611 1640 Iamque
631 1602 833 1638 solitudinem,
856 1610 946 1638 quam
961 1603 1052 1638 paulo
1075 1606 1144 1631 ante
1166 1606 1169 1630 J

167 1652 220 1680 pro
234 1645 342 1674 solatio
355 1645 510 1681 petiverat,
524 1653 654 1682 perosus
668 1644 810 1674 Bubacen
823 1643 926 1673 vocari
941 1643 1032 1673 iubet.
1054 1641 1168 1679 Quem]
1213 1670 1215 1683 Α,

165 1686 299 1723 intuens,
322 1687 380 1723 Ile,
398 1686 509 1723 inquit,
530 1688 669 1716 consulite
682 1686 764 1722 vobis,
778 1685 820 1714 ad
831 1686 959 1714 ultimum
968 1686 1035 1721 reye‘
1045 1689 1144 1721 vestro,
1165 1695 1167 1722 j
1213 1691 1215 1695 ·
