1215 1905
144 77 206 107 154
484 76 517 112 Q.
542 75 696 105 CURTII
718 75 824 105 RUFI

143 151 242 182 emisit
257 152 383 187 hastam,
401 159 492 188 quam
505 150 648 187 Erigyius
664 150 785 181 modica
800 151 908 188 capitis
926 150 1127 181 declinatione

142 194 254 228 vitavit,
271 197 362 229 atque
378 192 445 229 ipse
457 191 596 221 infestam
609 192 761 227 sarissam,
778 201 858 229 equo
872 193 1041 222 calcaribus
1055 201 1126 223 con⁴

143 235 218 270 cito,
241 234 271 263 in
292 234 392 263 medio
411 234 531 263 barbari
551 238 669 270 gutture
684 234 725 264 ita
745 234 825 270 fixit⁷
848 239 879 264 ut
901 243 955 271 per
977 234 1126 263 cervicem

143 276 298 305 emineret.
342 275 559 312 Praecipitatus
580 283 619 304 ex
640 284 720 312 equo
742 276 890 305 barbarus
913 276 1012 305 adhuc
1028 280 1126 305 tamen
1135 280 1168 308 37

141 317 340 354 repugnabat.
384 316 446 346 Sed
467 317 516 346 ille
533 321 698 346 extractam
713 326 729 346 e
745 318 871 347 vulnere
887 318 1003 346 hastam
1019 326 1126 347 rursus

141 359 171 388 in
188 368 223 389 os
240 359 350 395 dirigit.
371 358 583 388 Satibarzanes
597 367 687 388 manu
700 360 887 396 complexus,
905 368 965 395 quo
981 359 1127 388 maturius

142 401 293 436 interiret,
315 400 406 429 ictum
421 399 518 429 hostis
534 400 657 429 adiuvit.
699 401 736 430 Et
754 401 889 436 barbari,
912 401 990 429 duce
1005 400 1169 436 amiss0,38
1213 410 1215 432 1

143 451 233 479 quem
248 441 345 478 magis
361 441 546 471 necessitate
569 450 658 478 quam
681 447 790 479 sponte
812 442 908 472 secuti
931 446 1030 477 erant,
1056 446 1127 472 tunc

142 484 223 514 haud
239 484 431 513 immemores
446 483 619 513 meritorum
639 483 806 513 Alexandri
827 492 909 513 arma
929 483 1053 521 Erigyio
1069 487 1125 512 tra-

143 527 226 555 dunt.
256 526 322 555 Rex
337 525 383 554 his
400 525 522 562 quidem
537 526 647 560 laetus,
665 525 703 554 de
719 525 875 562 Spartanis
891 525 1126 561 haudquaquam
1135 529 1168 555 39

143 575 280 603 securus,
297 575 405 603 magno
419 571 516 595 tamen
529 566 628 595 animo
642 567 793 596 defectum
804 575 908 596 eornm
921 566 994 600 tulit,
1010 566 1125 602 dicens,

144 618 203 639 non
220 613 289 638 ante
302 617 397 638 ausos
414 608 542 637 consilia
557 608 686 642 nudare,
712 616 800 644 quam
817 608 916 645 ipsum
933 608 972 637 ad
986 608 1063 637 fines
1080 608 1125 636 In-

143 651 211 679 diae
228 650 408 687 pervenisse
424 654 620 686 cognossent.
642 650 713 685 Ipse
727 650 856 679 Bessum
871 657 1061 686 persequens
1077 658 1124 679 co·
1135 654 1167 680 40

145 693 209 727 pias
224 692 330 721 movit:
348 690 545 728 cuiErigyius
559 691 658 727 spolia
669 691 787 720 barbari
805 693 895 728 caesi,
913 691 1045 728 opimum
1055 691 1126 720 belli

142 734 247 769 decus,
265 733 441 770 praeferens
458 732 598 762 occurrit.

579 832 671 860 CAP.
695 833 731 859 V.

224 899 290 933 (20)
323 897 414 934 Igitur
435 897 662 927 Bactrianorum
683 897 809 935 regione
831 897 980 926 Artabazo
1009 896 1125 930 tradita,
1140 900 1152 924 1

144 940 282 971 sarcinas
298 945 327 970 et
341 938 558 976 impedimenta
572 939 613 968 ibi
629 947 696 968 cum
712 937 864 975 praesidio
880 938 1032 974 relinquit.
1055 938 1125 974 Ipse

143 990 211 1012 cum
232 981 374 1018 expedito
397 981 515 1017 agmine
541 981 609 1009 loca
634 981 756 1010 deserta
777 979 999 1016 Sogdianorum
1026 979 1123 1013 intrat⁷

143 1028 291 1053 nocturno
308 1023 413 1052 itinere
429 1022 594 1051 exercitum
610 1023 735 1051 ducens.
772 1022 937 1057 Aquarum,
953 1025 985 1050 ut
999 1024 1068 1050 ante
1084 1020 1126 1049 di-
1139 1025 1154 1049 2

143 1070 222 1095 ctum
238 1069 299 1099 est,
323 1065 449 1101 penuria
471 1063 554 1100 prius
571 1063 786 1100 desperatione
808 1070 897 1099 quam
913 1062 1066 1092 desiderio
1084 1061 1126 1091 bi-

144 1106 235 1136 .)endi
252 1106 330 1136 sitim
346 1105 494 1135 accendit.
517 1105 572 1134 Per
585 1105 675 1134 CCCC
684 1104 782 1134 stadia
797 1112 835 1133 ne
850 1103 988 1133 modicus
1005 1103 1126 1140 quidem

143 1148 251 1178 humor
266 1147 376 1177 existit.
417 1149 536 1176 Arenas
552 1155 649 1183 vapor
664 1146 772 1176 aestivi
787 1145 861 1175 solis
877 1145 1031 1174 accendit:
1049 1149 1154 1185 quae3

142 1191 191 1219 ubi
208 1190 337 1226 flagrare
354 1193 528 1225 coeperunt,
544 1188 625 1217 haud
639 1196 728 1217 secus
746 1196 836 1224 quam
849 1187 1010 1216 continenti
1025 1186 1125 1215 incen—

142 1231 192 1260 dio
208 1235 318 1260 cuncta
332 1234 492 1260 torrentur.
535 1229 635 1266 Caligo
653 1230 761 1258 deinde
778 1229 939 1258 immodico
956 1233 1054 1257 terrae
1070 1228 1123 1256 ser-
1137 1231 1154 1256 4

146 1281 216 1302 rore
237 1273 367 1301 excitata
387 1272 484 1301 lucem
506 1272 593 1307 tegit,
621 1279 858 1307 camporumque
881 1278 940 1300 non
961 1270 1017 1299 alia
1036 1277 1125 1306 quam

140 1314 219 1344 vasti
235 1319 264 1343 et
278 1313 421 1350 profundi
436 1312 580 1350 aequoris
595 1312 715 1349 species
733 1317 788 1341 est.
811 1312 996 1341 Nocturnum
1012 1311 1067 1340 iter
1081 1314 1123 1340 to>
1138 1315 1154 1339 5

143 1356 264 1385 lerabile
286 1355 459 1390 videbatur⁷
487 1355 558 1391 quia
578 1363 647 1383 rore
663 1358 692 1383 et
707 1353 850 1383 matutino
869 1353 978 1389 frigore
994 1360 1126 1389 corpora

142 1398 327 1427 levabantur.
352 1397 489 1426 Ceterum
505 1405 573 1425 cum
588 1396 656 1433 ipsa
671 1396 738 1424 luce
753 1399 856 1425 aestus
873 1395 973 1429 oritur7
992 1401 1123 1423 omnem-

144 1448 203 1475 que
216 1440 382 1468 naturalem
395 1438 540 1467 absorbet
551 1438 706 1467 humorem
723 1436 859 1466 siccitas:
877 1445 930 1465 ora
945 1437 1126 1472 visceraque
1192 1471 1194 1475 ι

142 1482 263 1517 penitus
285 1484 420 1510 uruntur.
464 1480 569 1516 ltaque
591 1480 718 1516 primum
740 1478 845 1513 animi,
872 1478 981 1507 deinde
997 1480 1154 1514 corporae

143 1523 275 1552 delicere
304 1526 479 1558 coeperunt.
520 1520 646 1557 Pigebat
671 1524 700 1549 et
726 1520 894 1549 consistere
919 1523 948 1548 et
973 1517 1125 1556 progredi.

142 1563 232 1592 Pauci
259 1573 277 1592 a
303 1563 408 1600 peritis
434 1563 568 1599 regionis
594 1561 739 1592 admoniti
766 1564 982 1598 praepararant
1005 1563 1152 1596 aquam?

141 1606 223 1634 Haec
246 1606 402 1641 paulisper
427 1603 574 1641 repressit
599 1603 692 1633 sitim:
718 1603 828 1632 deinde
854 1606 1010 1631 crescente
1037 1604 1124 1630 aestu

140 1655 246 1675 rursus
262 1646 447 1675 desiderium
463 1645 599 1675 humoris
614 1653 777 1674 accensum
792 1649 847 1674 est.
873 1644 963 1679 Ergo,
979 1641 1125 1680 quicquid

138 1688 200 1716 vini
224 1688 344 1724 oleique
368 1692 446 1723 erat,
470 1688 573 1716 oribus
595 1687 800 1723 ingerebatur,
830 1689 971 1722 tantaque
993 1684 1125 1714 dulcedo
