1215 1905
120 109 182 140 252
465 111 498 145 Q.
521 109 676 138 CURTII
697 109 805 139 RUFI

121 184 228 222 puisse
243 184 343 214 subito
359 188 441 214 metu
455 188 500 220 et,
523 192 617 221 quum
637 184 677 213 ad
692 183 875 221 supplicium
897 184 1013 215 videret
1031 186 1107 216 trahi

120 226 194 256 nihil
209 233 304 255 ausos
318 225 460 262 graviora
476 233 566 262 quam
582 229 710 261 ceteros,
725 225 741 244 *
755 226 771 245 *

123 284 185 315 [tam
202 284 308 308 effusam
321 287 396 308 antea
406 283 531 308 licentiam
546 287 621 315 atque
637 283 782 308 seditiosam
793 284 900 308 militum
914 284 1058 309 violentiam
1073 285 1109 310 ita
1119 290 1136 315 2

121 325 300 349 compressam,
319 322 346 342 ut
361 325 411 342 non
427 318 501 342 modo
515 318 597 342 nullus
613 325 645 342 ex
661 318 777 342 omnibus
792 319 895 342 irruenti
912 320 966 350 regi
981 319 1106 348 restiterit,

120 360 207 377 verum
218 353 293 376 etiam
307 353 390 376 cuncti
404 359 498 384 pavore
513 352 658 380 exanimati,
675 352 786 376 attonitis
801 352 904 381 similes,
922 353 983 383 quid
998 353 1029 377 (le
1045 353 1107 384 ipsis

120 394 220 417 quoque
235 394 280 410 rex
290 387 450 410 statuendum
460 391 579 414 censeret,
590 393 713 417 suspensa
725 390 807 410 mente
817 390 987 417 expectarent.
1007 386 1106 418 ltaque]

120 438 187 469 sive
201 438 348 475 nominis,
371 439 455 475 quod
469 443 591 476 gentes,
613 446 692 475 quae
713 439 770 468 sub
790 438 913 475 regibus
930 444 1014 476 sunt,
1030 439 1107 470 inter
1118 444 1136 470 3

120 481 197 510 deos
213 481 330 516 colunt,
358 480 423 510 sive
446 480 570 518 propria
591 479 689 517 ipsius
709 480 880 517 veneram,
903 480 969 511 sive
995 481 1107 510 fiducia

120 526 201 551 tanta
226 521 257 551 vi
281 521 453 551 exercentis
479 521 638 559 imperium
664 521 829 551 conterruit
853 530 923 552 eos:
953 522 1134 559 singulare4

120 568 201 593 certe
227 563 387 593 ediderunt
410 563 572 600 patientiae
596 563 770 600 exemplum
791 563 933 600 adeoque
953 573 1014 593 non
1036 568 1106 594 sunt

119 604 242 634 accensi
258 604 408 642 supplicio
425 604 677 640 commilitonum,
699 612 792 641 quum
807 605 864 634 sub
880 608 999 635 noctem
1015 605 1104 636 inter—

120 647 216 676 fectos
238 654 309 676 esse
331 651 533 683 cognossent,
560 650 593 676 ut
607 645 680 675 nihil
695 645 865 682 omiserint,
894 647 978 683 quod
994 646 1106 684 singuli

120 687 216 724 magis
243 687 420 717 obedienter
445 692 475 718 et
499 687 549 725 pie
575 689 718 717 facerent.
766 688 841 717 Nam
866 697 958 725 quum
983 692 1134 725 posteros»
1166 724 1170 728 ,

119 729 168 759 die
184 728 327 765 prohibiti
347 729 432 759 aditu
446 729 527 766 regis
543 733 661 764 essent,
684 728 828 758 Asiaticis
850 730 941 759 modo
962 729 1104 760 militibus

118 770 277 806 admissis,
305 771 462 807 lugubrem
485 770 555 801 totis
577 770 686 800 castris
708 770 832 800 edidere
848 771 1026 808 clamorem,
1052 772 1104 801 de-

121 812 309 848 nuntiantes,
331 811 469 849 protinus
492 820 563 841 esse
579 812 758 847 morituros,
781 811 807 840 si
822 820 877 841 rex
892 817 1104 849 perseveraret

118 853 219 883 irasci.

201 894 268 931 (12)
299 896 339 924 At
360 895 425 931 ille,
452 894 622 931 pervicacis
643 895 682 923 ad
703 894 823 931 omnia,
850 902 928 931 quae
949 894 1132 932 agitasset‚6
1178 921 1185 926 .,

117 936 225 972 animi,
252 935 483 973 peregrinorum
503 935 629 965 militum
652 936 832 966 concionem
851 935 997 965 advocari
1012 935 1103 973 iubet,
1178 940 1180 945 '

116 977 336 1007 Macedonibus
358 977 435 1006 intra
457 981 556 1006 castra
577 977 732 1006 cohibitis:
761 982 790 1007 et
814 985 906 1013 quum
928 977 1104 1013 frequentes

118 1019 268 1055 coissent,
298 1018 432 1047 adhibito
462 1018 641 1054 interprete,
673 1019 762 1048 talem
792 1018 958 1048 orationem
986 1018 1103 1048 habuit:
1167 1041 1183 1051 ,,.

118 1061 211 1096 Quum
226 1069 265 1090 ex
278 1061 400 1097 Europa
414 1061 579 1089 traiicerem
595 1061 625 1088 in
639 1060 754 1096 Asiam,
775 1062 880 1089 multas
900 1061 1008 1089 nobiles
1025 1069 1104 1096 yen-
1115 1065 1131 1091 7
1168 1060 1172 1090 i

117 1106 166 1137 tes,
182 1110 321 1138 magnam
336 1104 392 1130 vim
407 1103 554 1130 hominum
568 1103 690 1138 imperio
709 1110 771 1131 meo
790 1111 834 1131 me
852 1102 1023 1131 additurum
1042 1110 1104 1131 esse

116 1144 282 1181 sperabam.
324 1144 384 1172 Nec
399 1144 535 1180 deceptus
555 1151 633 1179 sum,
658 1144 737 1180 quod
755 1144 792 1173 de
806 1144 851 1172 bis
862 1144 978 1172 credidi
988 1143 1102 1179 famae.
1113 1148 1130 1173 8

117 1186 178 1214 Sed
191 1186 233 1214 ad
246 1187 298 1214 illa
313 1186 367 1214 boc
382 1193 494 1222 quoque
507 1186 636 1220 accessit,
651 1186 730 1221 quod
743 1186 824 1214 video
835 1185 930 1220 fortes
941 1186 1019 1214 viros
1030 1193 1104 1220 erya

117 1236 201 1263 reyes
214 1235 281 1256 suos
291 1228 408 1263 pietalis
422 1228 554 1256 invictae.
593 1227 682 1255 Luxu
698 1228 795 1255 omnia
807 1228 902 1263 fluere
916 1226 1105 1255 credideram
1116 1230 1133 1256 9

117 1272 144 1297 et
157 1270 248 1297 nimia
260 1268 404 1303 felicitate
417 1270 511 1304 meryz'
530 1269 560 1296 in
581 1269 750 1304 voluptates.
793 1268 831 1296 At
849 1268 982 1303 hercule,
1002 1269 1104 1296 munia

117 1311 237 1338 militiae
256 1310 310 1338 hoc
331 1311 495 1338 animorum
514 1318 726 1346 corporumque
746 1310 848 1338 robore
869 1318 960 1345 (teque
979 1310 1104 1345 impiqre

118 1353 247 1380 toleratis
261 1355 302 1386 et,
324 1360 411 1387 quum
429 1351 524 1386 fortes
548 1352 606 1379 viri
621 1352 696 1385 sitis,
721 1359 777 1379 non
790 1351 995 1386 fortitudinem
1009 1351 1104 1386 magis

118 1401 205 1428 quam
223 1393 311 1428 fidem
331 1394 431 1422 colitis.
480 1393 544 1421 Hoc
563 1400 616 1428 eqo
637 1401 715 1421 nune
731 1393 860 1429 primum
878 1393 1031 1428 profiteor,
1052 1392 1106 1420 sed
1114 1395 1145 1420 10
1166 1410 1172 1414 -

117 1435 184 1462 olim
196 1436 265 1463 scio.
307 1434 414 1471 Itaque
428 1437 456 1463 et
469 1435 610 1464 delectum
625 1443 641 1462 e
656 1434 732 1463 vobis
746 1435 891 1463 iuniorum
910 1433 1000 1462 habui
1014 1437 1041 1461 et
1054 1441 1103 1461 vos

117 1483 245 1504 meorum
266 1477 387 1505 militum
411 1476 531 1512 corpori
549 1477 699 1504 immiscui.
742 1475 825 1504 Idem
851 1475 979 1510 babitus,
1000 1474 1103 1503 eadem

118 1525 204 1546 arma
218 1521 286 1547 sunt
298 1518 383 1553 vobis,
404 1518 568 1553 obsequium
589 1525 656 1545 vero
677 1520 705 1546 ee
721 1518 864 1553 palienlia
885 1517 1003 1552 imperii
1019 1517 1104 1551 lonye

114 1560 315 1595 praestantior
336 1562 391 1594 est,
413 1567 501 1595 quam
521 1560 634 1587 ceteris.
669 1559 750 1594 Eryo
765 1560 826 1594 ipse
843 1557 982 1594 Oacyarlis
995 1557 1143 1586 Persaell
1168 1563 1178 1606 g

115 1601 209 1634 filiam
222 1608 333 1629 meeum
354 1601 384 1629 in
405 1601 588 1628 matrimonio
607 1601 706 1635 iunxi,
732 1607 789 1628 non
804 1599 981 1635 dedignatus
993 1606 1032 1627 ex
1046 1606 1103 1626 ca—
1157 1600 1178 1657 ἰῥ

114 1642 196 1677 ptiva
217 1642 321 1671 liberos
340 1643 449 1670 tollere.
492 1641 565 1670 Mox
590 1641 710 1676 deinde,
735 1649 823 1677 quum
847 1642 966 1677 stirpem
987 1640 1105 1675 qenerz's
1114 1642 1143 1667 12

116 1684 175 1711 mei
190 1684 279 1711 latius
296 1691 471 1719 propaqare
490 1691 642 1719 cuperem,
665 1690 787 1711 uxorem
805 1682 900 1711 Darei
914 1682 1008 1716 filiam
1029 1681 1106 1709 duxi

112 1725 315 1761 proximisque
331 1725 492 1752 amicorum
507 1727 610 1753 auctor
620 1724 673 1759 fui
691 1732 730 1752 ex
743 1724 866 1760 captivis
881 1722 1050 1758 generandi
1063 1722 1103 1750 li-

1161 1517 1179 1552 ωζὺ
1162 1418 1180 1514 iay-‘5
1163 1379 1168 1387 ¹
