1215 1905
126 88 200 118 LIB.
211 88 291 117 VIII.
303 87 384 117 CAP.
392 87 458 124 vll,
467 91 545 116 11-—
556 86 636 115 CAP.
644 85 721 122 VIII,
734 89 772 116 16.
786 95 943 122 [vium—⁴1³.
951 94 989 121 ι]
1014 83 1072 113 195

86 171 147 193 meo
159 165 252 201 capiti
258 164 353 200 fuisse
371 163 546 192 meministis.
592 161 681 190 Clitus
691 163 802 191 utinam
814 169 871 191 non
882 162 1020 197 coe‘qisset
1030 169 1075 189 me

85 206 141 234 sibi
149 204 260 234 irasci!
284 206 371 234 Cuius
383 205 571 234 temerariam
583 205 715 239 linquam
728 204 843 240 probra
863 203 984 232 dicentis
1003 202 1076 230 mihi

85 251 114 276 et
122 247 199 276 vobis
217 247 327 276 diutius
346 247 411 280 tuli,
435 253 522 282 quam
542 247 591 274 ille
608 245 712 274 eadem
733 253 778 274 me
796 245 938 274 dicentem
955 245 1074 273 tulisset.

60 294 77 319 8
89 288 202 325 Regum
215 289 378 324 ducumque
389 289 541 317 clementia
553 294 611 315 non
623 287 651 314 in
665 287 794 323 ipsorum
805 287 903 321 modo,
921 285 976 315 sed
988 287 1074 315 etiam

86 332 116 359 in
128 331 252 365 illorum,
266 331 317 366 qui
322 332 444 366 parent,
461 330 586 365 inqeniis
596 329 652 356 sita
662 332 712 357 est.
747 327 886 364 Obsequio
902 329 1075 363 miciqantur

87 373 229 408 imperia:
248 372 297 400 ubi
313 378 380 400 vero
390 372 554 400 reverentia
571 371 697 399 excessit
710 371 830 405 animis,
848 373 876 398 et
886 377 999 398 summa
1012 370 1076 397 imis

86 413 304 448 confundimus,
319 414 347 442 vi
357 420 430 449 opus
443 416 499 446 est,
514 415 544 440 ut
555 413 608 440 vim
621 412 808 448 repellamus.

58 459 75 485 9
169 452 236 489 (27)
258 454 319 482 Sed
329 454 402 490 qma
411 462 463 490 eqo
474 455 579 487 mirer,
598 454 681 482 istam
694 453 895 481 crudelitatem
908 453 981 480 milii
995 452 1076 481 obie-

86 496 172 530 cisse,
194 497 246 531 quz'
265 496 423 524 avaritiam
445 495 631 531 exprobrare
652 503 742 523 ausus
763 493 821 522 sit?
853 494 925 523 Nolo
947 495 1077 530 sinqulos

87 541 211 566 vestrum
222 539 368 570 eaecHare,
387 545 423 565 ne
435 538 558 565 invisam
570 536 774 564 liberalitatem
793 544 887 564 meam
902 536 1032 570 faciam,
1051 536 1079 563 si

84 579 197 616 pudori
206 582 298 608 vestro
308 586 429 614 ararem
445 578 556 613 secero.
584 577 682 606 Totum
694 578 855 606 exercitum
868 578 1006 613 aspicite.-
1027 577 1078 612 qui

83 622 176 657 paulo
188 624 255 649 ante
267 621 342 649 nilu'l
350 623 472 657 praeter
483 627 569 648 arma
580 619 705 648 habebat
712 642 718 653 ,
737 627 815 647 nunc
828 620 973 654 arqenteis
991 618 1078 647 cubat

87 663 183 691 lectis:
195 670 310 691 mensas
317 669 392 690 auro
399 665 530 695 onerant,
539 668 798 696 servorumqreqes
810 661 928 695 ducunt,
937 661 1030 696 spolia
1041 660 1076 688 de

49 710 79 734 ιο
87 704 212 732 hostibus
223 704 365 732 sustinere
377 711 434 732 non
446 706 576 739 possunt.
600 702 638 731 Ae
647 703 723 731 enim
736 702 854 737 Persae,
867 710 937 738 quos
949 703 1075 735 vicimus,

87 747 115 773 in
128 753 236 781 magsno
246 746 355 774 honore
365 748 432 773 sunt
443 745 527 781 apud
537 743 601 773 me!
618 744 762 780 Equidem
775 744 984 773 moderationis
994 751 1076 772 meae

87 788 277 816 certissimum
289 787 428 815 indicium
440 790 483 815 est
489 809 494 820 ,
513 787 638 823 quodne
657 787 737 814 victis
755 786 871 822 quidem
883 785 1006 822 superbe
1018 786 1076 814 im—

81 836 166 866 pero.
196 829 269 857 Veni
277 829 354 857 enim
367 829 394 856 in
409 828 522 862 Asiam,
541 836 597 856 non
610 828 786 862 utfunditus
801 831 958 856 everterem
965 830 1074 863 qentes,

85 877 140 899 nec
156 873 187 898 ut
201 870 325 898 dimidia
341 873 429 906 parte
440 873 589 898 terrarum
606 869 790 898 solitudinem
804 868 955 904 facerem,
976 869 1030 897 sed
1046 873 1076 896 ut

87 913 151 940 illos
161 920 281 948 quoque,
295 919 365 948 quos
376 911 449 940 bello
460 912 642 947 subeon-sem,
655 913 793 940 victoriae
805 919 887 940 meae
902 919 959 940 non
967 911 1076 948 poeni-

27 955 37 990 j
49 957 166 984 llteret.
200 953 306 989 Itaque
317 954 442 981 militant
452 954 610 987 vobiscum,
630 961 690 990 pro
708 954 830 989 imperio
842 956 934 982 vestro
949 954 1075 988 sanqui—

87 1003 153 1024 nem
160 994 307 1031 fundunt,
331 996 383 1031 qui
391 996 516 1031 superbe
526 995 620 1024 habiti
631 995 828 1024 rebellassent.
860 995 925 1024 Non
944 998 987 1024 est
1005 995 1075 1023 diu-

88 1041 176 1065 turna
194 1038 350 1073 possessio,
373 1037 404 1065 in
427 1045 514 1073 quam
533 1037 637 1073 gladio
659 1037 844 1065 inducimur:
873 1037 1076 1071 beneficiorum

20 1090 38 1108 2.
50 1083 79 1108 12
85 1080 186 1114 qratia
199 1080 377 1114 sempiterna
388 1082 438 1107 est.
461 1078 496 1107 St·
511 1079 619 1108 habere
637 1078 751 1113 Asiam,
775 1086 832 1107 non
850 1079 979 1107 transire
991 1079 1076 1106 volu—

88 1128 165 1155 mus,
189 1128 255 1149 cum
273 1120 318 1149 lu's
335 1121 580 1149 communicanda
598 1124 641 1149 est
662 1123 762 1149 nostra
782 1121 950 1149 clementia:
973 1120 1076 1148 horum

85 1162 160 1197 fides
170 1162 271 1191 stabile
290 1166 317 1190 et
336 1166 486 1191 aeternum
501 1162 596 1197 saciet
612 1163 776 1198 imperium.
797 1162 837 1190 Et
854 1170 926 1190 sane
935 1162 1004 1198 plus
1015 1161 1076 1190 ha-

88 1204 199 1238 bemus,
219 1211 306 1240 quam
318 1205 460 1240 capimus.
482 1204 665 1233 Insatiabilis
677 1207 772 1232 aulem
785 1205 930 1233 avaritiae
941 1207 996 1237 est,
1016 1203 1076 1231 ad-

51 1249 80 1275 13
87 1245 144 1275 huc
155 1247 274 1282 impleri
285 1247 368 1279 velle,
382 1246 461 1281 quod
471 1247 530 1274 iam
541 1247 727 1281 circumfluit.
760 1246 965 1274 Verumtamen
976 1252 1076 1274 eorum

87 1295 181 1316 mores
199 1289 229 1316 in
251 1287 432 1316 Jlacedffnas
447 1285 647 1323 transfundo!
678 1287 715 1315 In
732 1289 829 1316 multis
845 1288 922 1316 enim
943 1286 1077 1323 §entibus

88 1337 149 1358 esse
161 1329 257 1360 video.
276 1337 353 1364 quae
364 1337 421 1358 non
433 1329 638 1358 erubescamus
657 1329 784 1358 imitari:
799 1337 853 1358 nec
867 1330 954 1357 aliter
966 1331 1077 1356 tantum

88 1372 241 1407 imperium
262 1375 329 1407 apte
347 1372 413 1406 reyi
425 1374 531 1406 potest,
554 1379 641 1407 quam
664 1375 694 1398 ut
711 1371 856 1407 quaedam
875 1374 902 1399 et
923 1371 1078 1398 tradamus

89 1414 147 1441 iltis
158 1416 187 1441 et
196 1412 233 1441 ab
245 1413 346 1441 iisdem
359 1412 516 1441 diseamus.

28 1457 81 1490 ,414
171 1452 237 1489 (28)
262 1454 346 1482 Illial
361 1462 458 1490 paene
479 1455 541 1483 risu
564 1454 684 1490 dianam
703 1453 779 1489 fuit,
806 1454 884 1489 quod
902 1453 1078 1482 Hermolaus

83 1496 252 1532 postulabat
264 1503 283 1522 a
294 1503 352 1525 me,
366 1500 396 1523 ut
406 1503 564 1524 aversarer
575 1495 684 1530 Iovem,
697 1496 779 1524 cuius
791 1496 913 1524 oraculo
924 1502 1077 1531 aqnoscor.

50 1541 80 1567 15
90 1538 135 1565 Au
147 1539 233 1566 etiam
243 1560 249 1571 ,
261 1537 335 1573 quid
345 1537 390 1565 dii
399 1538 608 1573 respondeant,
621 1539 650 1566 in
663 1545 728 1566 mea
734 1540 877 1574 potestate
889 1534 952 1566 est?
973 1537 1080 1566 Obtulit

90 1579 162 1608 milti
174 1580 233 1614 filii
248 1586 368 1607 nomeu:
389 1580 522 1615 recipere
540 1580 611 1614 ipsis
625 1579 724 1613 rebus,
749 1587 822 1614 quas
844 1579 972 1614 aqimus,
995 1579 1080 1607 lzazid

91 1623 218 1650 alienum
233 1620 304 1656 suit.
351 1620 466 1649 Utinam
484 1621 556 1649 Iudi
573 1629 684 1657 quoque
702 1621 788 1649 deum
804 1629 866 1649 esse
879 1628 924 1649 me
935 1619 1078 1649 credant!

41 1663 47 1667 ’
91 1663 185 1692 Fama
197 1663 273 1692 enim
285 1663 361 1691 bella
372 1666 519 1693 constant.
536 1666 563 1691 et
573 1670 662 1699 saepe
673 1664 774 1696 etiam,
796 1662 875 1698 quod
882 1662 963 1697 salso
975 1663 1077 1691 credi-

53 1707 84 1735 16
91 1707 149 1733 tum
159 1708 209 1740 est,
222 1705 285 1734 veri
295 1705 383 1733 vicem
395 1705 522 1733 obtinuit.
547 1704 591 1732 An
603 1712 648 1733 me
658 1705 797 1733 luxuriae
809 1704 1006 1774 iln3dulqentem
1015 1712 1076 1740 pu-

860 1745 872 1760 ει
