1215 1905
190 113 263 143 LlB.
278 113 315 143 X.
337 113 418 143 CAP.
434 116 456 149 l,
471 111 643 141 «εἳ-ΜΡ.
660 111 694 146 ΙΙ,
714 116 754 140 11.
777 120 816 146 1x,
831 119 889 141 5-8.
902 118 940 145 z.]
1017 108 1079 139 249

55 190 296 221 ⁸ltdecreverant.
340 188 395 218 His
417 187 565 225 cognitis,
592 195 646 215 rex
668 186 801 223 Harpalo
824 183 1078 215 Atheniensibus-

86 240 147 269 que
162 231 246 261 iuxta
260 231 390 260 infestus
406 230 538 260 classem
552 228 653 266 parari
669 228 766 263 iubet,
788 226 924 256 Athenas
939 225 1078 264 protinus

55 277 72 304 3
83 272 244 311 petiturus.
287 272 375 308 Quod
397 271 558 301 consilium
580 278 673 307 quum
695 269 773 299 clam
788 268 896 305 agitat,
919 268 1035 298 litterae
1050 268 1078 298 ei

83 315 268 351 redduntur,
294 313 461 360 Harpalum
481 313 613 342 intrasse
630 311 753 349 quidem
769 310 920 345 Athenas,
947 309 1079 347 pecunia

85 356 269 386 conciliasse
285 355 344 385 sibi
360 354 531 392 principum
547 353 680 389 animos,
707 360 795 387 mox,
821 351 952 381 concilio
979 351 1077 388 plebis

84 398 204 435 habito,
225 397 344 427 iussum
366 398 441 426 urbe
458 396 610 426 excedere
624 395 664 424 ad
686 394 821 423 Graecos
837 393 947 423 milites
970 401 1078 430 perve-

84 440 178 475 nisse,
194 447 213 468 a
229 439 341 476 quibus
358 439 559 475 interceptum
574 442 604 466 et
614 436 797 466 trucidatum
808 443 826 464 a
839 435 972 472 quodam
979 434 1078 464 Thim-

54 481 178 511 §brone
206 489 262 518 per
286 480 425 510 insidias.
467 479 522 509 His
549 479 646 508 laetus
673 478 703 507 iu
727 478 883 514 Europam
908 476 1078 507 traiiciendi

84 522 246 552 consilium
262 522 379 552 omisit:
406 522 462 552 sed
483 521 591 550 exules
606 524 728 558 praeter
743 527 814 553 eos,
843 518 895 556 qui
912 518 993 547 civili
1009 526 1078 547 san-

83 564 175 601 guine
191 564 313 601 aspersi
329 568 428 599 erant,
449 562 546 600 recipi
561 562 599 591 ab
615 561 754 591 omnibus
771 560 957 589 Graecorum
974 559 1077 588 civita—

54 612 70 636 5
82 605 173 641 tibus,
190 605 259 642 quis
275 606 356 642 pulsi
372 610 466 640 erant,
482 603 580 634 iussit.
622 604 659 633 Et
679 602 787 632 Graeci
803 601 883 631 haud
900 601 968 631 ausi
983 601 1076 637 impe-

83 647 160 677 rium
182 647 357 685 aspernari,
381 654 565 683 quamquam
587 645 804 674 solvendarum
825 644 925 680 legum
947 642 979 672 id
994 642 1077 679 prin-

84 689 197 726 cipium
213 697 284 719 esse
301 689 482 722 censebant,
499 688 581 718 bona
597 695 737 723 quoque,
761 693 840 722 quae
856 688 1009 721 extarent,
1030 693 1077 713 re-

54 735 70 761 6
84 731 209 760 stituere
225 730 384 760 damnatis.
426 729 490 759 Soli
504 728 711 758 Athenienses
728 735 789 757 non
805 735 880 756 suae
896 726 1004 762 modo,
1020 727 1077 755 sed

81 772 171 802 etiam
188 772 328 810 pubIIcae
346 771 484 801 vindices
506 769 693 808 [libertatis]‚
716 768 921 798 colluvionem
937 767 1077 797 ordinum

84 814 217 843 omnium
237 813 309 850 quia
324 821 416 850 aegre
433 813 584 847 serebant,
600 820 660 841 non
676 811 761 847 regio
779 810 917 847 imperio,
933 810 989 839 sed
1004 810 1076 846 legi-

52 860 68 886 7
81 855 139 884 bus
162 855 361 892 moribusque
389 854 494 890 patrus
521 854 584 889 regi
613 852 737 882 assueti.
780 852 966 881 Prohibuere
988 851 1078 888 igitur

82 898 190 926 exules
206 896 328 931 finibus,
345 895 446 925 omnia
461 894 564 932 potius
580 893 751 928 toleraturi,
769 902 860 930 quam
876 897 1078 930 purgamenta

82 939 238 975 quondam
253 938 338 967 urbis
355 945 438 972 suae,
455 941 527 966 tunc
543 936 633 966 etiam
649 935 742 971 exilii,
757 934 957 964 admitterent.

52 984 69 1010 8
165 979 211 1015 (8)
231 979 416 1015 Alexander,
430 978 602 1007 senioribus
615 977 780 1006 militumin
793 976 922 1014 patriam
967 992 995 1010 Α
1013 991 1051 1011 ³24

82 1021 237 1055 remissis,
264 1020 410 1050 tredecim
436 1020 519 1048 milia
544 1019 680 1056 peditum
706 1023 735 1048 et
757 1019 817 1048 duo
841 1018 923 1047 milia
943 1022 962 1036 ⁸¹·
984 1016 1044 1060 ξξζθ
1053 1022 1076 1035 “·

81 1063 233 1100 equitum,
251 1071 329 1100 quae
345 1062 374 1091 in
390 1061 466 1091 Asia
480 1061 639 1096 retineret,
656 1059 726 1097 eligi
740 1059 845 1096 lussit
860 1059 923 1089 exi·
947 1065 981 1086 οι.
998 1067 1041 1089 113,
1055 1067 1074 1085 α

82 1105 224 1139 stimans,
252 1104 373 1133 modico
396 1104 533 1132 exercitu
560 1102 717 1132 continere
738 1109 834 1139 posse
855 1101 976 1136 Asiam,
1005 1100 1076 1137 quia

82 1146 220 1183 pluribus
237 1145 313 1175 locis
328 1145 483 1182 praesidia
505 1143 727 1181 disposuisset:
753 1151 913 1180 nuperque
936 1143 1076 1173 conditas

81 1188 185 1224 urbes,
202 1196 279 1224 quas
297 1187 415 1217 colonis
432 1187 598 1224 replesset,
613 1194 664 1215 res
680 1193 795 1214 novare
811 1184 1005 1222 cupientibus
1022 1184 1075 1214 ob-

51 1233 68 1259 9
81 1234 162 1259 stare
189 1229 341 1259 credebat.
396 1229 536 1258 Ceterum
566 1228 744 1264 priusquam
771 1231 960 1261 secerneret,
996 1234 1076 1263 quos

81 1276 146 1300 erat
161 1275 343 1305 retenturus,
362 1270 466 1305 edixit,
488 1274 522 1300 ut
537 1278 645 1299 omnes
661 1269 771 1298 milites
786 1277 840 1298 aes
856 1269 989 1298 alienum
1005 1276 1075 1305 pro—

81 1313 247 1342 fiterentur.
291 1312 389 1341 Grave
415 1312 572 1348 plerisque
597 1319 669 1340 esse
695 1315 900 1347 compererat:
924 1315 954 1339 et
970 1318 1075 1347 quam-

82 1363 173 1391 quam
195 1354 333 1391 ipsorum
355 1354 428 1382 luxu
455 1357 644 1383 contractum
670 1357 750 1387 erat,
777 1352 949 1382 dissolvere
976 1356 1075 1381 tamen

43 1396 149 1433 loipsc
165 1397 353 1425 decreverat.
397 1395 441 1423 llli
459 1394 566 1424 tentari
582 1394 669 1431 ipsos
684 1394 749 1429 rati,
766 1403 826 1430 quo
843 1393 962 1423 facilius
978 1393 1016 1422 ab
1032 1392 1074 1421 in-

81 1437 174 1474 tegris
192 1441 392 1474 sumptuosos
408 1436 606 1471 discerneret,
622 1436 803 1473 prolatando
819 1435 1007 1472 aliquantum
1023 1443 1073 1463 ex-

82 1483 236 1508 traxerant
252 1479 407 1515 temporis.
443 1479 480 1508 Et
494 1487 548 1507 rex
565 1477 639 1507 satis
654 1486 777 1514 gnarus,
793 1476 980 1514 professioni
996 1476 1076 1505 aeris

82 1521 246 1557 pudorem,
263 1529 323 1550 non
341 1520 565 1549 contumaciam
581 1520 719 1552 obstare,
740 1527 863 1548 mensas
879 1518 950 1548 totis
967 1517 1075 1547 castris

41 1565 70 1590 11
81 1562 154 1599 poni
171 1562 260 1592 iussit
275 1566 305 1591 et
321 1562 427 1591 decem
443 1561 525 1590 milia
540 1561 682 1590 talentum
699 1560 838 1597 proferri.
865 1560 939 1589 Tum
955 1560 1075 1589 demum

82 1604 175 1642 [cum]
188 1604 249 1633 fide
262 1605 342 1633 sacta
356 1603 510 1640 professio
524 1608 579 1636 est,
589 1611 646 1632 nec
659 1602 789 1639 amplius
803 1610 843 1631 ex
856 1606 938 1631 tanta
945 1601 1077 1638 pecunia

82 1654 174 1682 quam
200 1649 322 1675 centum
349 1649 378 1674 et
404 1645 526 1682 triginta
547 1645 660 1674 talenta
681 1645 872 1680 superfuere.
914 1643 1003 1673 Adeo
1026 1642 1077 1672 ille

82 1687 250 1722 exercitus,
278 1691 322 1716 tot
339 1686 588 1716 divitissimarum
603 1686 737 1723 gentium
752 1686 865 1722 victor,
891 1686 960 1722 plus
977 1689 1075 1714 tamen

81 1729 228 1758 victoriae
245 1737 334 1766 quam
351 1729 488 1766 praedae
504 1727 676 1762 deportavit
691 1736 730 1757 ex
748 1727 830 1760 Asia,
