1215 1905
322 60 394 90 ΗΒ.
409 61 444 90 x.
464 60 545 90 οΑΡ.
562 61 612 90 ιν.
635 71 674 98 [x.
693 71 725 94 ιε.
747 71 786 98 z.1
1008 59 1071 90 255

75 138 128 162 rius
147 137 247 168 quidem
268 136 353 161 album
369 136 458 163 videri.
475 137 528 165 sed,
545 137 566 160 si
585 138 686 169 penitus
706 137 903 169 introspiciatur,
922 139 1001 160 totum
1014 143 1072 160 esse

76 178 238 204 purpureum.
276 171 370 195 Pressit
391 175 474 195 tamen
491 171 662 203 suspicionem
681 179 754 195 suam
781 178 863 202 neque
888 169 967 194 ultum
990 171 1070 194 mani·

77 205 166 230 festius
195 205 329 230 abalienati
355 205 432 229 animi
454 205 575 229 indicium
599 206 724 237 praetulit.
763 204 896 230 Credidere
915 209 998 229 tamen
1016 205 1070 236 ple-

76 240 162 271 rique,
184 240 352 272 Antipatrum,
373 241 471 264 evocari
488 247 515 264 se
534 240 652 271 supplicii
671 247 748 264 causa
766 245 856 267 ratum.
877 239 961 270 impiis
977 238 1071 263 maehi-

77 274 221 298 nationibus
246 274 330 306 regiae
356 275 462 303 mortis,
489 281 552 304 quae
575 274 650 306 paulo
672 278 730 306 post
755 278 840 298 secuta
863 277 914 302 est,
943 278 1069 297 auctorem

77 309 202 333 extitisse.

143 343 238 366 Interea
254 350 308 371 rex,
324 347 350 366 ut
371 342 495 366 imminuti
513 343 637 367 exercitus
653 343 800 367 detrimenta
817 343 926 369 sarciret,
948 343 1070 374 optimum

76 384 200 407 quemque
228 376 358 400 Persarum
387 377 411 400 iu
441 376 618 401 Macedonicos
644 378 746 401 ordines
771 377 870 408 allegit:
897 376 964 400 mille
993 377 1070 400 ctiam

76 411 306 442 praestantissimos
329 411 475 442 segregavit
499 411 531 434 ad
555 412 699 443 propiorem
718 412 758 435 sui
783 411 895 443 corporis
914 411 1069 435 custodiam:

76 445 150 469 aliam
169 445 324 470 hastatorum
341 452 451 473 manum,
468 444 537 468 haud
554 446 687 476 pauciores
707 446 792 470 decem
809 445 925 477 milibus,
944 445 1010 469 circa
1029 453 1067 469 re-

76 480 146 511 gium
165 479 353 504 tabernaculum
373 478 491 503 excubias
519 486 594 510 agere
618 480 700 504 iussit.
737 480 805 504 Haeo
829 480 914 512 agenti
934 479 1070 503 Peucestes

76 515 222 546 supervenit
248 521 304 537 cum
324 514 411 545 viginti
433 514 621 545 sagittariorum
641 514 846 545 funditorumque
866 513 980 540 milibus,
1005 521 1070 544 quos

77 556 109 572 ex
125 555 172 572 sua
189 548 319 580 provincia
338 549 464 579 coegerat.
492 548 536 571 His
552 555 598 579 per
616 549 755 572 exercitum
775 548 924 579 distributis,
940 547 1070 579 profectus

77 587 114 606 est
133 582 205 607 Susis
222 586 255 613 et,
272 582 389 614 Pasitigri
409 590 481 606 amne
501 583 658 611 transmisso,
679 583 746 614 apud
766 582 842 606 Caras
862 588 943 606 castra
962 586 1070 605 metatus

77 622 126 641 est:
151 617 210 641 inde
221 635 228 646 ,
246 617 378 648 quatriduo
397 624 441 648 per
457 616 598 640 Sittacenen
615 617 696 641 ductis
713 617 809 648 copiis,
827 616 953 640 Sambana
968 623 1063 647 proces.

77 652 123 680 sit,
144 652 186 675 ubi
203 659 248 683 per
265 656 361 683 septem
380 651 433 675 dies
455 651 568 682 quietum
583 658 675 683 agmen
691 652 780 676 tenuit.
816 651 902 675 Tridui
919 650 1009 674 deinde
1029 651 1069 673 iti-

77 693 136 710 ncre
156 693 266 714 emenso,
285 685 389 710 Celonas
406 689 553 717 perventum
574 690 620 710 est.
657 685 784 717 Oppidum
803 685 851 709 hoo
866 689 951 708 tenent
966 684 1070 708 Boeotia

77 720 199 751 profecti,
227 727 289 751 quos
306 719 405 744 Xerxes
424 720 527 744 sedibus
548 720 601 744 suis
621 720 718 744 excitos
742 721 767 744 in
789 720 909 743 orientem
929 718 1069 742 transtulit:

78 755 261 785 servabantque
285 758 460 786 argumentum
487 754 592 786 originis
618 754 739 785 peculiari
762 761 893 785 sermone,
915 760 947 777 ex
968 752 1070 777 Graecis

78 789 224 820 plerumque
242 788 344 812 vocibus
363 793 504 812 constante:
532 793 641 812 ceterum
662 789 692 812 ob
709 789 915 812 commerciorum
934 787 1070 812 necessita-

77 828 126 847 tem
142 823 304 846 finitimorum
320 823 482 846 barbarorum
504 822 590 854 lingua
607 823 748 848 utebantur.
785 823 846 846 Inde
862 822 1015 854 Bagistanen
1032 821 1070 845 in-

77 864 180 890 gressus
201 861 253 887 est,
277 857 406 888 regionem
427 857 570 888 opulentam
587 861 611 880 et
630 857 800 881 abundantem
823 857 941 881 arborum
964 863 1070 879 amoeno

77 896 101 916 et
117 891 224 916 fecundo
241 891 309 915 foetu
329 891 469 922 ceterisque
486 891 519 915 ad
537 891 602 915 vitae
621 898 670 915 non
690 898 764 915 usum
780 891 870 921 modo,
892 898 978 914 verum
995 891 1069 914 etiam

78 926 268 950 delectationem
287 926 478 957 pertinentibus.
500 925 588 949 Gravis
604 926 668 949 inter
683 925 746 950 haee
760 926 866 949 Eumeni
883 932 938 948 cum
955 923 1070 956 Hephae-

77 960 158 984 stione
172 959 286 983 simultas
302 959 431 983 inciderat.
467 959 530 983 Nam
546 966 633 983 servos
650 960 770 984 Eumenis
786 960 933 990 diversorio,
944 959 1013 989 quod
1024 966 1070 990 pro

77 995 138 1019 hero
156 1002 203 1018 suo
219 997 411 1025 anteceperant‚
432 993 583 1025 Hephaestio
600 995 772 1025 proturbavit,
789 999 816 1017 ut
835 993 912 1017 Euius
932 993 1023 1016 tibicen
1040 1000 1070 1016 eo

78 1030 238 1060 reciperetur.
276 1027 362 1059 Neque
383 1027 461 1052 multo
482 1031 553 1060 post,
575 1035 653 1059 quum
675 1028 726 1052 iam
741 1028 826 1060 sopita
842 1027 900 1052 odia
916 1027 1069 1058 viderentur,

78 1070 144 1087 nova
160 1067 246 1087 exorta
266 1063 423 1086 contentione
443 1062 506 1086 adeo
525 1062 718 1093 recruduerant,
741 1066 768 1086 ut
791 1062 865 1087 etiam
885 1062 910 1085 in
927 1065 999 1085 atrox
1019 1062 1070 1084 iur-

79 1099 148 1130 gium
165 1101 189 1121 et
203 1097 292 1121 acerba
311 1097 435 1127 utrimque
452 1097 566 1120 convicia
581 1101 780 1129 prorumperent.
818 1096 870 1121 Sed
878 1096 1014 1120 Alexandri
1033 1096 1070 1119 in-

78 1136 190 1156 terventu
219 1131 376 1162 imperioque
400 1131 544 1155 inimicitiae
571 1130 660 1155 saltem
689 1132 714 1155 in
736 1131 847 1162 speciem
869 1130 978 1155 abolitae
997 1134 1069 1153 sunt:

78 1174 155 1198 quum
176 1165 217 1190 ille
232 1165 334 1196 quidem
350 1165 530 1197 Hephaestioni
549 1166 624 1189 etiam
639 1166 749 1189 minatus
766 1170 841 1196 esset,
861 1165 904 1196 qui
919 1165 944 1188 in
961 1164 1069 1197 flagran-

78 1201 175 1225 tissima
194 1200 260 1231 regis
280 1200 360 1231 gratia
378 1200 476 1231 positus
495 1207 646 1231 quamquam
661 1200 782 1231 cupidum
796 1199 1007 1224 reconciliationis
1020 1198 1069 1222 Eu-

79 1242 176 1259 menem
194 1234 348 1266 pertinacius
368 1234 540 1258 aversabatur.

145 1269 294 1293 Perventum
315 1269 405 1293 deinde
421 1273 458 1292 est
478 1269 503 1292 in
519 1268 616 1292 Mediae
632 1276 749 1300 campos,
765 1268 808 1293 ubi
824 1268 928 1292 maximi
947 1274 1069 1298 equorum

78 1311 170 1335 greges
186 1304 362 1335 pascebantur.
398 1302 505 1327 Nisaeos
528 1303 669 1334 appellant,
691 1303 866 1335 magnitudine
887 1306 911 1326 et
929 1302 1014 1333 specie
1030 1302 1069 1325 in-

78 1339 173 1369 signes.
210 1337 292 1369 Supra
308 1337 491 1369 quinquaginta
506 1337 576 1361 milia
592 1338 627 1361 ibi
643 1342 759 1369 reperta,
783 1345 860 1368 quum
879 1336 1024 1361 Alexander
1039 1343 1069 1359 eo

79 1372 204 1400 transiret,
225 1379 240 1396 a
256 1372 388 1395 comitibus
407 1371 473 1395 illius
492 1375 637 1396 annotatum
657 1377 708 1396 est:
725 1372 786 1396 olim
796 1371 869 1404 triplo
883 1371 967 1403 plures
979 1370 1084 1401 fuisse„

79 1407 125 1430 sed
143 1406 207 1430 inter
231 1406 353 1430 bellorum
377 1406 464 1429 turbas
486 1406 623 1430 maximam
646 1414 732 1430 eorum
754 1410 852 1438 partem
868 1405 1008 1438 praedones
1024 1404 1069 1428 ab·

80 1441 171 1472 egisse.
209 1440 249 1464 Ad
273 1441 374 1472 triginta
395 1440 448 1464 dies
470 1440 505 1464 ibi
526 1440 637 1465 substitit
658 1448 711 1465 rex.
747 1441 783 1465 Eo
800 1442 949 1471 Atropates,
972 1438 1069 1462 Mediae

79 1479 193 1506 satrapa,
222 1479 321 1498 eentum
337 1475 457 1498 barbaras
477 1474 594 1498 mulieres
616 1474 736 1506 adduxit,
759 1474 887 1505 equitandi
902 1474 997 1506 peritas
1016 1472 1069 1504 pel-

78 1510 161 1539 tisque
179 1513 202 1533 et
223 1509 354 1533 securibus
370 1512 491 1533 armatas:
514 1509 581 1533 uude
597 1509 700 1539 quidam
717 1509 891 1539 crediderunt,
913 1508 1068 1532 Amazonum

79 1551 110 1566 ex
126 1548 200 1575 gente
215 1543 335 1574 reliquias
354 1543 443 1567 ruisse.
479 1542 598 1575 Septimis
621 1543 713 1567 deinde
730 1543 818 1567 castris
834 1543 959 1566 Ecbatana
976 1542 1068 1574 attigit,

79 1577 178 1601 Mediae
193 1580 277 1609 caput.
316 1578 351 1602 lbi
368 1577 500 1602 sollemnia
518 1577 567 1601 diis
586 1577 708 1601 sacrificia
727 1577 785 1601 fecit
806 1577 929 1608 ludosque
947 1576 1026 1600 edidit
1044 1580 1069 1599 et

78 1612 103 1635 in
122 1612 236 1636 convivia
253 1612 381 1643 festosque
398 1613 451 1636 dies
471 1611 567 1636 laxavit
582 1612 703 1644 animum,
720 1616 748 1636 ut
762 1619 822 1636 mox
835 1611 860 1635 in
875 1617 996 1635 novorum
1009 1617 1069 1642 ope·

78 1653 132 1669 rum
151 1653 237 1670 curam
256 1651 331 1677 atque
350 1646 489 1670 ministeria
507 1645 613 1670 validior
629 1646 806 1671 intenderetur.
835 1645 885 1670 Sed
900 1646 949 1669 ista
966 1644 1068 1669 volven-

77 1685 136 1711 tem,
155 1680 220 1705 velut
240 1681 331 1705 iniecta
351 1688 435 1712 manu,
461 1680 539 1704 fatum
556 1679 605 1704 alio
621 1681 695 1704 traxit
713 1681 841 1710 vitamque
860 1680 989 1704 carissimo
1007 1679 1067 1703 ami»
