1215 1895
162 63 235 92 LlB.
248 63 298 91 111.
322 62 403 91 CAP.
417 62 480 95 ΧΠ,
498 60 667 91 11—CAP.
680 60 756 94 XIII,
770 63 797 89 3.
818 61 866 88 [¹¹¹2
883 62 967 82 30-33-
988 61 1026 86 z.1
1071 58 1114 88 25

119 143 150 168 et
164 137 350 168 continentia
365 141 395 166 ct
411 135 571 166 clementia
583 135 786 165 vincerentur.
819 135 963 172 Virgines
979 134 1113 171 reginas,

121 179 301 210 excellentis
315 181 438 214 formae,
455 183 515 208 tam
527 182 633 207 sancte
646 177 757 212 habuit,
772 185 862 214 quam
875 177 902 206 si
914 177 1032 212 eodem,
1050 184 1112 214 quo

78 227 112 252 22
120 222 196 259 ipse,
206 225 332 258 parente
339 220 459 257 genitae
472 220 585 248 forent:
599 219 761 256 coniugem
770 219 925 254 eiusdem‚—
931 226 1022 255 quam
1031 218 1112 247 nulla

121 263 229 292 aetatis
252 271 327 292 suae
348 261 572 298 pulchritudine
589 260 728 297 corporis
745 260 832 296 vicit,
859 260 937 289 adeo
960 259 1029 296 ipse
1051 267 1111 289 non

123 304 262 339 violavit,
284 308 316 333 ut
338 311 485 333 summam
507 302 679 331 adhibuerit
702 310 820 337 curam,
843 309 881 330 ne
904 301 973 338 quis
989 301 1112 338 captivo

79 352 112 379 23
121 346 244 382 corpori
260 345 412 374 illuderet:
437 351 556 373 omnem
573 345 686 373 cultum
701 343 788 373 reddi
805 342 924 372 seminis
941 342 1038 377 iussit,
1055 351 1113 372 nec

122 387 286 425 quicquam
312 395 350 415 ex
380 386 527 423 pristinae
558 386 696 414 fortunae
725 384 952 422 magnificentia
981 384 1113 421 captivis

79 434 114 459 2⁴
121 433 242 466 praeter
256 428 400 457 fiduciam
415 427 520 456 defuit.
554 428 660 463 ltaque
677 426 885 465 Sisygambis,
907 426 989 462 Rex,
1006 425 1114 462 inquit,

121 472 252 506 mereris,
274 473 306 499 ut
315 478 351 499 ea
371 477 529 506 precemur
546 469 611 503 tibi,
635 477 711 505 quae
732 470 831 498 Dareo
853 472 951 497 noslro
965 469 1114 504 quondam

119 516 262 550 precatae
273 520 380 546 sumus,
393 515 428 545 et,
448 515 479 540 ut
490 511 580 545 video,
604 511 711 546 dianus
722 519 752 539 es
764 511 917 547 [imperio]⁷
937 511 989 546 qui
999 513 1113 538 tantum

121 562 220 590 reqem
231 562 288 583 non
298 554 443 589 felicitate
454 555 561 587 solum,
579 553 633 581 sed
649 554 735 581 etiam
753 553 900 588 aequitate
916 552 1114 588 superaveris.

80 600 113 625 25
124 595 167 625 Tu
184 596 301 632 quidem
319 599 441 624 matrem
459 602 503 623 me
520 598 548 623 et
565 596 700 630 reyinam
719 602 819 628 vocas,
841 594 895 622 sed
910 601 963 629 eqo
978 598 1114 622 metuam

119 638 269 672 famulam
280 645 342 666 esse
356 638 504 672 confileor.
546 636 586 664 Et
600 638 785 672 praeteritae
796 636 940 670 fortunae
958 635 1113 671 fastiqe'um

121 681 208 716 capio
219 683 248 708 et
253 681 422 716 praesentis
433 680 533 714 iuqum
540 679 610 714 pati
614 686 735 714 possum
745 688 753 705 :
765 682 815 706 tua
827 679 954 712 Interest,
973 680 1115 713 quantum

121 723 152 750 in
163 729 215 750 nos
233 722 363 754 licuerit,
383 722 410 749 ει·
427 721 459 748 id
472 721 734 756 potius·clemenlt'a
765 727 852 755 quam
868 719 990 747 saevitia
1003 719 1044 747 vis
1054 726 1115 747 esse

79 766 262 793 ‘ltiteslalum
304 762 371 790 Rex
392 762 505 790 bonum
528 760 661 789 animum
683 761 796 789 habere
817 768 869 789 eas
892 759 996 788 iussit:
1027 759 1115 788 Darei

123 803 217 833 filium
234 804 314 833 collo
331 811 388 832 suo
405 802 556 837 admovit,
578 806 670 838 atque
692 801 764 830 nihil
787 801 836 830 ille
859 805 1028 838 conspectu
1043 805 1115 830 tunc

122 846 251 882 primum
267 853 285 874 a
302 853 336 874 se
351 844 410 873 visi
427 844 609 873 conterritus
632 844 784 872 cervicem
806 843 873 872 eius
895 842 1036 872 manibus
1053 851 1115 871 am-

122 887 272 924 plectitur.
286 886 389 916 Motus
403 894 475 922 crgo
488 894 543 915 rex
556 885 728 915 constantia
744 885 841 922 pueri,
857 884 1116 921 Hephaestionem

122 929 253 964 intuens,
271 929 363 963 Quam
380 930 489 963 vellem,
506 927 614 964 inquit,
629 928 746 957 Dareus
761 928 878 963 aliquid
891 935 929 956 ex
944 927 1002 956 hac
1017 927 1117 956 indole

122 972 267 1000 hausisset
273 969 285 999 !

79 1016 111 1042 27
202 1011 269 1047 (33)
291 1012 365 1041 Tum
381 1011 577 1041 tabernaculo
592 1019 746 1047 egressus,
765 1010 861 1040 tribus
874 1010 935 1039 aris
948 1010 978 1039 in
993 1009 1059 1046 ripa
1070 1009 1116 1038 Pi-

121 1054 186 1083 niiri
198 1054 296 1082 amnis
304 1053 369 1082 Iovi
381 1057 473 1089 atque
482 1053 604 1082 Herculi
612 1053 831 1088 Minervaeque
845 1051 982 1086 sacratis,
996 1051 1117 1089 Syriam

123 1096 212 1132 petit,
234 1096 432 1130 Damascum,
455 1094 505 1123 ubi
522 1095 604 1131 regis
620 1102 696 1130 gaza
712 1098 790 1128 erat,
812 1093 1010 1122 Parmenione
1029 1101 1118 1129 prae-

122 1145 226 1166 misso.

503 1199 523 1227 C
532 1199 597 1227 AP.
621 1199 698 1227 XIII.

99 1267 111 1292 l
200 1262 215 1279 *
227 1263 241 1280 *
254 1266 345 1298 atque
360 1270 454 1298 quum
468 1260 680 1298 praecessisse
691 1260 817 1290 etDarei
831 1265 985 1296 satrapam
994 1267 1117 1295 compe-

122 1303 222 1339 risset,
237 1303 363 1339 veritus,
380 1311 418 1332 ne
430 1303 569 1340 paucitas
582 1311 708 1332 suorum
726 1306 938 1338 sperneretur,
956 1309 1118 1330 accersere

98 1344 267 1375 2maiorem
283 1353 405 1374 manum
421 1345 534 1374 statuit.
577 1344 639 1373 Sed
656 1345 732 1373 sorte
749 1344 778 1372 in
795 1344 1008 1380 exploratores
1023 1343 1061 1372 ab
1078 1351 1116 1371 eo

122 1388 311 1424 praemissos
324 1387 430 1416 incidit
442 1386 564 1416 natione
575 1386 710 1421 Mardus,
725 1385 776 1422 qui
788 1386 827 1414 ad
838 1385 1037 1414 Parmenissna
1050 1392 1117 1421 per-

123 1429 232 1459 ductus
248 1428 362 1458 litteras
379 1429 418 1457 ad
429 1429 638 1458 Alexandrum
651 1436 669 1457 a
682 1428 837 1464 praesecto
851 1426 993 1456 Damasci
1005 1425 1118 1455 missas

124 1471 214 1500 tradit
229 1471 273 1500 ei:
297 1479 353 1500 nec
371 1470 509 1499 dubitare
526 1479 609 1504 eum,
628 1469 700 1506 quin
718 1477 839 1498 omnem
854 1469 969 1505 regiam
985 1468 1117 1504 supelle-

98 1512 224 1542 3ctilem
239 1521 308 1543 cum
324 1512 456 1549 pecunia
472 1513 612 1546 traderet,
630 1511 751 1540 adiecit.
778 1510 946 1546 Parmenio,
964 1509 1118 1539 asservari

121 1562 158 1584 eo
174 1554 275 1589 iusso,
292 1554 407 1583 litteras
423 1554 534 1590 aperit:
557 1553 587 1582 in
604 1552 672 1589 quis
689 1557 753 1582 erat
769 1552 931 1590 scriptum,
954 1556 986 1582 ut
1001 1555 1118 1581 mature

122 1597 299 1626 Alexander
325 1596 459 1633 aliquem
480 1604 520 1625 ex
541 1594 671 1624 ducibus
695 1594 760 1624 suis
786 1595 915 1624 mitteret
936 1602 1005 1623 cum
1026 1601 1118 1622 manu

122 1638 249 1675 exigua,
271 1638 331 1674 [cui
348 1639 506 1673 traderetJ,
530 1645 734 1674 quaecunque
750 1645 804 1666 rex
819 1645 916 1673 penes
933 1636 1034 1673 ipsum
1049 1634 1112 1664 reli-

123 1680 252 1717 quisset.
296 1681 402 1716 ltaque
418 1680 572 1715 Mardum,
591 1679 668 1708 datis
683 1678 859 1714 comitibus,
875 1678 915 1707 ad
930 1676 1119 1715 proditorem
