1215 1895
99 91 137 123 48
436 96 469 132 Q.
492 96 648 126 CURTlI
672 98 778 128 RUFI

98 175 203 201 vectus
219 171 257 200 ad
274 170 416 200 interiora
430 171 563 209 Aegypti
582 175 718 208 penetrat
731 171 973 210 compositisque
988 173 1082 204 rebus

97 213 152 248 ita,
174 216 205 242 ut
227 212 298 241 nihil
321 220 358 241 ex
380 213 477 249 patrio
498 213 718 251 Aegyptiorum
735 221 819 243 more
834 218 975 251 mutaret,
997 215 1082 244 adire

98 254 178 284 Iovis
194 253 368 283 Hammonis
385 255 540 284 oraculum
555 254 666 284 statuit.
707 255 765 284 Iter
786 255 937 292 expeditis
960 264 1082 293 quoque
1107 261 1124 288 6

98 300 127 325 et
143 295 249 332 paucis
266 295 316 324 vix
333 296 487 325 tolerabile
504 295 733 332 ingrediendum
746 300 824 326 erat:
843 301 919 326 terra
932 298 1080 334 coeloque

97 345 245 373 aquarum
261 336 389 373 penuria
404 341 458 373 est,
476 337 595 367 steriles
610 345 720 367 arenae
732 337 845 374 iacent,
872 347 947 375 quas
964 339 1014 368 ubi
1030 348 1080 368 va-

97 386 154 415 por
169 379 243 407 solis
259 378 411 414 accendit,
433 378 550 408 fervido
567 380 633 408 solo
649 383 794 409 exurente
811 380 952 417 vestigia,
975 380 1080 410 intole-

97 419 200 449 rabilis
216 423 319 449 aestus
336 419 446 449 existit.
490 420 740 457 Luctandumque
761 425 808 450 est
823 430 882 451 non
900 422 998 451 solum
1015 429 1082 451 cum
1107 425 1122 452 7

96 461 205 490 ardore
227 465 256 490 et
278 461 412 490 siccitate
436 461 586 498 regionis,
610 463 664 491 sed
686 462 774 492 etiam
796 471 864 492 cum
886 463 1080 493 tenacissimo

98 502 221 537 sabulo,
246 503 328 539 quod
345 503 511 539 praealtum
533 507 561 533 et
576 503 704 540 vestigio
721 504 833 533 cedens
850 513 940 542 aegre
954 505 1081 534 moliun-

97 548 142 574 tur
154 544 261 581 pedes.
293 545 376 573 Haec
392 544 536 582 Aegyptii
553 553 624 574 vero
641 545 754 575 maiora
768 546 928 576 iactabant.
962 546 1024 576 Sed
1039 546 1082 575 in-
1106 549 1123 576 8

95 593 171 622 gens
197 585 308 622 cupido
336 585 468 615 animum
493 586 666 616 stimulabat
691 587 822 617 adeundi
848 588 965 624 Iovem,
992 596 1080 624 quem

96 626 216 664 generis
232 626 279 656 sui
296 631 458 662 auctorem,
476 628 557 656 haud
574 632 732 658 contentus
748 628 866 658 mortali
883 628 1013 666 fastigio,
1031 633 1081 658 aut

95 668 239 698 credebat
254 677 324 697 esse
340 673 391 698 aut
406 668 489 697 credi
505 669 635 698 volebat.

175 709 242 746 (30)
263 710 343 746 Ergo
361 719 428 739 cum
444 709 500 745 his,
519 719 597 747 quos
614 712 725 740 ducere
741 719 845 741 secum
861 716 920 741 sta-
967 718 1002 747 Α.
1018 719 1053 739 331
1105 716 1121 742 9

95 755 200 787 tuerat,
224 752 360 781 secundo
377 760 464 781 amne
483 752 641 782 descendit
655 753 693 781 ad
709 752 854 782 Mareotin
868 761 919 789 pa-
952 747 1070 788 affnfflss‘ff„

96 793 204 822 ludem.
247 793 290 822 Eo
318 793 407 830 legati
435 793 653 830 Cyrenensium
680 794 760 823 dona
786 796 919 829 attulere,
942 792 977 812 0¹·
994 794 1040 818 ¹¹²1
1062 795 1079 813 ¹·

96 842 201 871 pacem
216 839 245 864 et
260 839 292 863 ut
308 834 403 863 adiret
415 835 506 864 urbes
521 843 593 864 suas
606 839 754 872 petentes.
769 836 830 871 Ille,
844 835 933 865 donis
946 835 1080 872 acceptis

96 875 288 913 amicitiaque
305 875 473 911 coniuncta,
491 877 640 906 destinata
656 876 767 914 exequi
783 877 888 914 pergit.
918 878 964 906 Ac
979 877 1077 914 primo
1091 882 1123 907 10

95 917 218 954 quidem
230 921 259 947 et
274 918 413 954 sequenti
427 918 475 947 die
487 919 650 948 tolerabilis
664 919 749 948 labor
762 919 855 955 visus,
872 918 1007 948 nondum
1021 923 1080 948 tam

99 959 189 989 vastis
205 958 358 996 nudisque
380 960 593 989 solitudinibus
614 960 720 997 aditis,
746 960 805 989 iam
825 964 924 989 tamen
943 960 1036 989 sterili
1052 964 1082 990 et

95 999 259 1030 emoriente
281 1005 368 1030 terra.
411 1001 473 1030 Sed
494 1006 526 1031 ut
548 1009 697 1038 aperuere
722 1010 757 1032 se
778 1002 877 1038 campi
899 1002 957 1031 alto
982 1001 1121 1032 obrutill

95 1042 217 1077 sabulo,
237 1042 318 1071 haud
333 1050 424 1072 secus
440 1051 530 1079 quam
546 1043 730 1080 profundum
746 1052 863 1080 aequor
878 1042 1008 1080 ingressi
1023 1047 1076 1072 ter-

94 1092 158 1112 ram
175 1083 272 1113 oculis
288 1083 490 1120 requirebant.
525 1085 611 1114 Nulla
626 1085 724 1120 arbor,
740 1085 854 1114 nullum
871 1084 941 1114 culti
957 1084 1015 1113 soli
1031 1092 1080 1113 oc·
1091 1090 1122 1114 12

95 1125 236 1154 currebat
251 1125 420 1162 vestigium.
461 1126 552 1162 Aqua
573 1126 663 1155 etiam
679 1126 841 1161 defecerat,
857 1134 947 1163 quam
963 1125 1079 1155 utribus

94 1166 201 1195 cameli
224 1172 384 1203 vexerant,
407 1171 436 1196 et
456 1166 486 1196 in
502 1167 587 1197 arido
604 1168 670 1197 solo
687 1176 723 1197 ac
739 1167 857 1197 fervido
875 1167 981 1197 sabulo
998 1168 1080 1197 nulla

93 1212 166 1237 erat.
209 1208 258 1238 Ad
274 1208 332 1238 hoc
350 1209 395 1237 sol
418 1208 518 1238 omnia
538 1208 728 1244 incenderat,
756 1209 900 1246 siccaque
922 1213 951 1238 et
972 1208 1121 1239 adustam

94 1253 180 1279 erant
201 1257 268 1279 ora:
292 1259 384 1286 quum
406 1254 546 1286 repente,
570 1249 636 1279 sive
657 1250 731 1280 illud
748 1251 874 1280 deorum
889 1258 999 1279 munus
1015 1250 1080 1279 sive

94 1299 186 1320 casus
202 1291 265 1325 suit,
284 1291 433 1321 obductae
449 1292 536 1321 coelo
553 1291 650 1321 nubes
667 1291 832 1322 condidere
845 1292 955 1327 solem,
973 1290 1080 1329 ingens

93 1335 180 1362 aestu
196 1332 336 1369 fatigatis,
355 1333 472 1363 etiamsi
485 1341 566 1370 aqua
579 1334 730 1369 deficeret,
748 1333 902 1363 auxilium.
917 1332 1080 1362 Enimvero
1091 1338 1120 1362 14

93 1378 125 1403 ut
140 1375 255 1410 largum
272 1383 395 1411 quoque
410 1375 535 1404 imbrem
548 1379 750 1405 excusserunt
771 1375 939 1412 procellae,
969 1383 1024 1411 pro
1047 1382 1080 1403 se

94 1415 225 1452 quisque
239 1415 381 1453 excipere
397 1425 480 1452 eum,
504 1416 642 1453 quidam,
669 1417 707 1446 ob
730 1416 810 1446 sitim
825 1416 1005 1453 impotentes
1022 1415 1078 1450 sui,

93 1464 146 1486 ore
173 1465 296 1494 quoque
318 1457 410 1487 hianti
436 1461 558 1495 captare
583 1462 758 1495 coeperunt.
803 1458 1000 1494 Quatriduum
1026 1462 1121 1494 perio

92 1502 196 1528 vastas
213 1499 393 1529 solitudines
411 1499 602 1536 absumptum
625 1503 680 1529 est.
723 1500 847 1536 Iamque
869 1499 951 1529 haud
973 1499 1079 1536 procul

94 1539 208 1569 oraculi
225 1541 299 1570 sede
313 1541 446 1577 aberant,
464 1550 555 1577 quum
567 1542 740 1578 complures
754 1541 837 1571 corvi
850 1540 962 1578 agmini
975 1548 1078 1569 occur-

92 1585 174 1616 runt,
202 1582 322 1612 modico
344 1584 446 1612 volatu
468 1582 565 1619 prima
580 1583 666 1619 signa
685 1583 915 1617 antecedentes,
944 1585 973 1610 et
988 1581 1078 1611 modo

92 1622 174 1652 humi
188 1623 378 1659 residebant,
398 1633 490 1661 quum
505 1625 614 1653 lentius
630 1632 737 1661 agmen
752 1624 921 1659 incederet,
939 1623 1029 1653 modo
1045 1631 1080 1652 se

93 1663 202 1701 pennis
219 1665 361 1695 levabant
376 1666 618 1695 antecedentium
633 1666 750 1703 iterque
763 1665 993 1695 monstrantium
1012 1664 1079 1694 ritu.

171 1705 238 1741 (31)
263 1706 395 1736 Tandem
411 1708 450 1736 ad
466 1707 571 1736 sedem
587 1711 796 1738 consecratam
812 1707 870 1736 deo
887 1711 1008 1736 ventum
1025 1710 1079 1735 est.
1090 1709 1122 1736 16
