1215 1905
160 93 231 121 LIB.
248 91 297 120 IX.
320 90 401 120 cAP.
416 90 454 123 V.
471 88 639 119 13—cAP.
654 88 706 124 vl,
718 92 744 117 3.
764 97 812 124 ux,
826 97 910 117 20—23.
928 95 965 122 z.]
1020 84 1081 115 229

91 176 166 205 gens
183 167 275 197 telum
289 167 429 196 adactum
444 169 509 195 erat
523 169 552 194 et
568 168 745 202 penetrasse
765 162 793 191 in
815 162 937 192 viscera
959 161 1080 191 videba—

49 215 82 240 ¹25
92 214 147 239 tur.
192 208 374 243 Critobulus,
391 208 468 237 inter
483 206 620 236 medicos
635 205 708 234 artis
724 204 862 239 eximiae,
878 204 934 233 sed
949 203 979 233 in
999 208 1080 232 tanto

93 251 228 288 periculo
252 250 387 284 territus,
415 248 546 287 [manus]
562 248 726 276 admovere
742 247 910 280 metuebat,
937 255 973 275 ne
990 245 1018 274 in
1036 246 1079 281 ip-

93 293 156 322 sius
174 297 266 329 caput
283 300 389 329 parum
405 297 574 328 prosperae
590 288 755 318 curationis
778 288 927 317 recideret
942 291 1079 316 eventus.

50 340 82 365 26
93 334 310 363 Lacrimantem
325 341 394 363 eum
418 340 454 361 ac
477 335 659 361 metuentem
685 335 714 359 et
740 329 944 358 sollicitudine
970 336 1080 366 prope-

92 376 215 405 modum
232 383 418 412 exsanguem
434 382 488 403 rex
509 376 722 409 conspexerat.
766 372 850 406 Quid,
866 371 971 407 inquit,
984 370 1081 407 quod-

92 426 124 447 ve
139 423 251 454 tempus
264 421 404 454 expectas
418 420 446 445 et
459 424 516 444 non
531 416 747 451 quamprimum
768 414 822 442 lzoc
837 413 938 442 dolore
957 421 1002 441 me
1015 413 1081 441 sal—

91 464 147 488 tem
167 460 338 488 moriturum
357 456 488 488 liberas?
529 458 573 485 An
590 458 678 489 mnes,
695 464 731 484 ne
745 463 813 484 reus
827 456 874 484 sis.
891 463 978 490 quum
995 456 1080 483 insa-

49 502 188 531 2711ubile
200 503 304 530 vulnus
318 497 504 536 acceperim?
543 500 583 526 At
599 497 770 526 Critobulus
787 497 916 531 tandem,
934 497 979 525 vel
997 495 1080 524 finito

93 543 139 571 vel
157 542 346 571 dissimulato
366 545 459 576 metu,
482 539 594 569 hortari
610 547 677 568 euin
694 537 809 574 coepit,
828 542 859 566 ut
875 546 908 566 se
925 537 1079 566 continen-

93 585 163 613 dum
182 584 355 620 praeberet,
372 584 443 612 dum
459 582 610 618 spiculum
625 581 781 610 evelleret:
799 580 888 608 etiam
903 580 999 608 levem
1014 587 1078 607 cor-

50 632 83 657 ’18
92 625 176 662 poris
193 630 304 654 motum
321 625 445 654 noxium
462 624 535 653 fore.
578 624 660 659 Rex,
684 631 775 659 quum
792 622 990 655 al'lirmasset,
1008 620 1078 649 nihil

93 675 172 704 opus
189 675 259 696 esse
278 667 331 703 iis,
358 666 409 703 qui
432 670 528 695 semet
549 664 752 699 continerent,
779 663 857 692 sicut
884 668 1078 699 praeceptum

92 713 164 744 erat,
188 708 253 738 sine
275 713 358 738 motu
375 707 513 744 praebuit
529 715 651 743 corpus.
694 706 785 742 Igitur
811 705 962 741 patefacto
991 703 1078 733 latius

92 751 216 779 vulnere
242 754 272 779 et
297 750 415 786 spiculo
443 750 564 783 evulso,
593 748 700 784 ingens
721 747 768 776 vis
784 745 942 782 sanguinis
957 753 1079 774 manare

93 792 195 828 coepit
224 791 382 828 linquique
409 790 509 819 animo
537 798 589 819 rex
619 794 663 825 et,
693 789 821 825 caligine
844 787 940 817 oculis
969 787 1079 821 offusa,

50 838 82 864 29
92 833 182 862 veluti
199 833 398 862 moribundus
414 832 545 861 extendi.
581 832 740 868 Quumque
754 830 936 867 profluvium
950 829 1078 858 medica-

92 874 200 904 mentis
228 875 338 903 l'rustra
364 874 548 908 inhiberent,
576 874 690 902 clamor
715 873 803 901 simul
826 876 917 908 atque
944 871 1078 907 ploratus

92 916 257 946 amicorum
281 916 387 951 oritur,
410 923 512 951 regem
529 916 688 951 expirasse
705 913 901 943 credentium.
946 913 1079 941 Tandem

92 958 225 987 constitit
245 957 386 994 sanguis,
409 958 614 994 paulatimque
631 956 762 985 animum
778 955 893 991 recepit
909 959 937 983 et
953 952 1079 983 clrcu'm-

49 1004 205 1030 sustantes
222 999 324 1036 coepit
339 1007 518 1035 agnoscere.
561 999 635 1027 Toto
652 1006 688 1027 eo
707 998 756 1026 die
771 1005 806 1026 uc
822 1001 919 1032 nocte,
936 1004 1015 1033 quae
1032 1004 1079 1024 se-

92 1046 161 1071 cuta
187 1046 248 1075 est,
276 1045 409 1070 armatus
435 1039 587 1069 exercitus
609 1039 722 1076 regiam
745 1038 879 1074 obsedit,
906 1038 1078 1072 confessus,

92 1091 198 1113 omnes
214 1082 304 1112 unius
321 1082 429 1120 spiritu
445 1082 556 1111 vivere.
594 1081 655 1110 Nec
672 1081 756 1118 prius
771 1084 974 1115 recesserunt,
990 1087 1080 1116 quain

92 1129 280 1162 compertum
297 1129 352 1159 est,
369 1132 477 1153 somno
494 1123 650 1160 paulisper
665 1123 873 1159 acquiescere
917 1121 993 1150 Hine
1015 1129 1078 1149 ccr-

91 1167 197 1196 tiorem
214 1175 301 1203 spem
317 1167 423 1195 salutis
441 1165 506 1194 eius
523 1165 551 1194 in
569 1169 669 1194 castra
684 1165 869 1194 rettulerunt.

479 1232 533 1260 CA
542 1232 572 1260 P.
601 1232 652 1259 Vl.

64 1317 68 1321 .
173 1291 241 1327 (23)
268 1292 348 1327 Rex,
365 1296 481 1327 septem
498 1290 605 1319 dicbus
622 1294 725 1319 curato
742 1290 867 1318 vulnere
883 1289 1012 1318 necdum
1028 1290 1079 1318 ob-

91 1334 181 1362 ducta
195 1333 343 1369 cicatrice,
358 1341 449 1369 quum
461 1333 608 1367 audisset,
624 1331 819 1361 convaluisse
834 1331 916 1368 apud
932 1331 1080 1360 barbaros

92 1375 200 1404 famam
217 1375 322 1404 mortis
339 1383 423 1410 suae,
438 1374 559 1404 duobus
576 1373 706 1410 navigiis
725 1373 843 1409 iunctis,
866 1373 958 1402 statui
974 1373 1002 1401 in
1019 1381 1080 1401 me-

93 1417 174 1446 dium
190 1417 325 1453 undique
342 1417 541 1452 conspicuum
558 1416 785 1445 tabernaculum
800 1415 897 1449 iussit,
914 1423 952 1443 ex
969 1423 1029 1450 quo
1046 1422 1080 1443 se

92 1459 268 1488 ostenderet
284 1458 402 1494 perisse
419 1458 627 1486 credentibus:
653 1461 902 1493 conspectusque
918 1457 956 1485 ab
972 1455 1080 1484 incolis

59 1505 75 1529 2
88 1508 174 1536 spem
191 1499 322 1528 hostium
339 1500 416 1528 falso
434 1499 537 1528 nuntio
555 1504 734 1535 conceptam
756 1498 892 1527 inhibuit.
936 1497 1079 1527 Secundo

91 1541 202 1570 deinde
219 1550 306 1570 amne
323 1541 458 1575 defluxit,
476 1540 660 1577 aliquantum
675 1540 822 1569 intervalli
836 1549 853 1568 a
866 1544 967 1568 cetera
980 1540 1079 1568 classe

91 1583 300 1620 praecipiens,
325 1591 362 1611 ue
385 1582 471 1620 quies
495 1582 616 1619 corpori
637 1582 771 1611 invalido
788 1582 888 1610 adhuc
904 1580 1079 1610 necessaria

90 1625 180 1661 pulsu
197 1633 349 1654 remorum
365 1624 571 1661 impediretur.

61 1671 78 1695 3
170 1666 292 1702 Quarto,
309 1671 472 1703 postquam
489 1665 632 1702 navigare
649 1669 808 1701 coeperat,
831 1664 880 1693 die
896 1663 1034 1701 pervenit
1049 1663 1077 1691 in

90 1707 246 1744 regionem
262 1709 413 1737 desertam
437 1707 558 1744 quidem
580 1707 617 1735 ab
642 1706 765 1741 incolis,
793 1706 848 1735 sed
875 1707 1023 1735 frumento
1050 1710 1079 1733 et
