1215 1895
217 61 288 91 LlB.
304 62 356 90 lv.
373 61 455 112 CAP.
471 61 522 97 lv,
537 65 554 92 6
565 61 692 90 —CAR
705 62 743 98 V,
761 66 784 91 1.
800 64 849 91 liv,
864 65 947 88 18-21.
964 63 1004 91 ι]
1090 63 1127 93 41

135 135 214 167 nuit:
237 136 324 174 pueri
347 136 544 174 virginesque
561 136 673 173 templa
689 137 933 173 compleverant,
960 137 1016 167 viri
1031 137 1061 167 in
1078 146 1127 167 ve-

134 177 245 209 stibulo
262 187 386 208 suarum
403 177 535 215 quisque
550 177 672 207 aedium
687 178 821 214 stabant,
845 183 951 215 parata
966 179 1127 209 saevienti-

93 225 124 251 15
135 220 192 250 bus
219 220 315 250 turba.
351 219 454 249 Multis
475 223 574 249 tamen
597 219 686 249 saluti
710 220 794 249 luere
811 220 945 257 Sidonii,
972 221 1024 258 qui
1050 221 1128 252 intra

132 262 333 292 Macedonum
349 260 502 299 praesidIa
518 266 613 290 erant.
658 261 695 290 Hi
716 261 821 291 urbem
845 262 969 299 quidem
992 263 1069 293 inter
1085 263 1126 293 vi-

135 309 234 334 ctores
256 304 456 339 intraverant,
482 303 537 332 sed
560 302 751 340 cognationis
775 311 842 333 cum
859 303 958 341 Tyriis
975 313 1127 335 memores

132 345 262 383 (quippe
278 349 437 383 utramque
453 345 559 374 urbem
573 345 743 381 Agenorem
755 345 934 376 condidisse
948 347 1128 382 credebant)

133 388 242 418 multos
263 386 438 425 Tyriorum,
464 386 553 416 etiam
576 390 786 423 protegentes,
814 388 853 416 ad
875 396 932 418 sua
954 389 1127 425 perduxere

131 428 266 466 navigia:
283 428 393 465 quibus
411 428 553 458 occultati
568 428 682 457 Sidona
696 428 817 459 devecti
833 434 913 459 sunt.
947 429 1126 466 Quindecim

91 472 121 500 16
132 470 213 500 milia
227 470 285 501 hoc
303 471 380 500 furto
398 470 548 500 subducta
564 469 709 500 saevitiae
726 475 804 500 sunt.
829 471 1042 508 Quantumque
1056 481 1117 501 san-

129 512 229 550 guinis
246 513 346 542 fusum
363 511 416 547 sit,
438 512 486 541 vel
502 519 541 541 ex
556 511 615 542 hoc
631 511 797 541 existimari
813 516 931 550 potest,
948 513 1032 550 quod
1048 513 1125 543 intra

129 554 314 584 munimenta
341 553 425 583 urbis
458 561 514 583 sex
546 553 626 582 milia
658 558 841 584 armatorum
868 554 1017 584 trucidata
1043 560 1122 585 sunt.

90 598 119 625 17
130 596 227 626 Triste
249 596 359 626 deinde
381 595 592 632 spectaculum
614 595 780 625 victoribus
803 596 847 625 ira
869 596 1010 633 praebuit
1031 597 1124 634 regis.

127 638 194 668 Duo
210 637 299 673 milia,
317 637 346 666 in
363 637 475 674 quibus
496 637 655 666 occidendi
671 637 826 668 defecerat
840 638 958 675 rabies,
980 639 1124 669 crucibus

87 681 119 708 18
130 679 215 709 affixi
230 688 286 717 per
308 679 416 716 ingens
438 678 534 708 litoris
557 679 689 716 spatium
711 680 931 716 pependerunt.
969 680 1109 718 Carthagi

127 721 277 752 niensium
294 721 401 759 legatis
418 720 564 758 pepercit,
580 720 683 750 addita
696 721 926 751 denuntiatione
940 721 1021 758 belli,
1039 723 1123 759 quod

129 762 335 801 praesentium
350 771 451 792 rerum
467 761 640 792 necessitas
657 767 834 793 moraretur.

84 806 118 834 19
214 805 282 841 (20)
307 805 405 843 Tyros
422 804 553 841 septimo
570 812 685 839 mense,
710 813 800 841 quam
814 805 986 842 oppugnari
1025 820 1052 839 Α,
1067 820 1105 840 332

127 852 235 884 coepta
251 851 323 883 erat,
343 850 432 884 capta
445 851 500 881 est,
515 846 588 876 urbs
605 851 634 876 et
648 850 798 876 vetustate
818 847 944 884 originis
957 852 987 877 et
1025 845 1096 865 ’ΝΜΟ

126 889 232 919 crebra
248 890 386 919 fortunae
404 888 548 918 varietate
570 889 609 917 ad
630 888 805 918 memoriam
824 889 985 926 posterita-
1005 870 1120 917 &1535st

126 931 163 960 tis
184 930 322 968 insignis.
367 930 494 960 Condita
515 931 552 959 ab
574 930 716 967 Agenore
737 930 789 960 diu
804 939 902 967 mare,
924 940 985 961 non
1010 927 1120 966 Ηῖξζῖξῖῃ.

126 971 257 1002 vicinum
278 973 386 1008 modo,
414 973 470 1002 sed
493 972 699 1009 quodcunque
716 973 834 1002 classes
851 972 917 1002 eius
933 974 986 1002 ad—
1017 972 1107 992 baem·

125 1014 231 1049 ierunt,
248 1014 371 1044 ditionis
388 1023 463 1044 suae
481 1014 559 1043 lecit.
594 1015 629 1044 Et
645 1014 671 1043 si
686 1014 783 1043 famae
800 1014 871 1044 libet
887 1015 1028 1051 credere,
1043 1014 1120 1043 haec

83 1058 118 1084 20
128 1064 203 1093 gens
220 1056 333 1086 litteras
351 1056 446 1092 prima
469 1060 519 1085 aut
534 1055 637 1085 docuit
653 1060 703 1085 aut
718 1056 833 1085 didicit.
871 1056 1016 1086 Coloniae
1039 1060 1123 1085 certe

126 1097 192 1127 eius
209 1106 307 1134 paene
323 1098 397 1127 orbe
413 1102 475 1127 toto
493 1097 623 1126 diffusae
640 1102 724 1127 sunt:
750 1097 898 1135 Carthago
915 1097 944 1127 in
961 1097 1073 1131 Africa,
1091 1097 1121 1126 in

125 1139 254 1169 Boeotia
268 1140 399 1174 Thebae,
415 1139 516 1168 Gades
532 1140 569 1168 ad
587 1139 750 1169 Oceanum.
788 1140 902 1174 Credo,
924 1139 1020 1169 libero
1038 1147 1115 1169 com·

126 1185 262 1211 meantes
278 1181 352 1210 mari
369 1181 558 1218 saepiusque
574 1181 715 1210 adeundo
733 1181 843 1211 ceteris
866 1180 1039 1218 incognitas
1063 1185 1119 1210 ter-

125 1230 175 1252 ras
197 1223 329 1260 elegisse
351 1223 443 1252 sedes
469 1222 632 1258 iuventuti,
660 1231 720 1259 qua
742 1227 812 1252 tunc
837 1222 1027 1253 abundabat:
1055 1223 1121 1252 sive

126 1263 197 1302 quia
224 1264 338 1295 crebris
366 1264 498 1294 motibus
525 1268 622 1293 terrae
649 1270 731 1300 (nam
754 1265 812 1294 hoc
835 1273 960 1302 quoque
981 1265 1120 1299 traditur)

125 1307 258 1337 cultores
287 1306 353 1336 eius
383 1305 498 1343 fatigati
528 1314 608 1336 nova
637 1311 665 1336 et
694 1310 820 1336 externa
849 1306 1002 1336 domicilia
1028 1306 1120 1336 armis

81 1351 114 1378 21
126 1347 244 1378 sibimet
275 1356 422 1385 quaerere
452 1348 649 1384 cogebantur.
691 1348 794 1378 Multis
822 1356 894 1385 ergo
919 1349 1044 1378 casibus
1068 1348 1119 1377 de-

125 1389 226 1420 l'uncta
242 1395 271 1420 et
286 1395 358 1427 post
373 1389 526 1419 excidium
542 1395 662 1425 renata,
690 1399 770 1420 nunc
793 1395 906 1426 tamen,
930 1392 1022 1427 longa
1043 1397 1123 1427 pace

125 1436 234 1462 cuncta
255 1433 430 1467 refovente,
453 1432 509 1461 sub
527 1433 618 1462 tutela
639 1432 796 1462 Romanae
811 1431 1055 1462 mansuetudinis
1070 1438 1113 1460 ac·

125 1473 265 1511 quiescit.

530 1542 549 1571 C
558 1544 583 1571 Α
592 1542 622 1571 P.
646 1543 683 1570 V.

80 1607 95 1634 1
202 1603 268 1638 (21)
290 1603 403 1633 lisdem
421 1604 515 1633 ferme
532 1603 640 1632 diebus
658 1602 746 1633 Darei
768 1602 883 1633 litterae
905 1604 1013 1634 allatae
1039 1608 1118 1639 sunt,

121 1645 242 1675 tandem
258 1649 290 1675 ut
304 1645 368 1683 regi
385 1645 527 1682 scriptae.
562 1645 693 1675 Petebat,
710 1644 752 1674 uti
768 1644 859 1674 filiam
876 1654 962 1675 suam
975 1645 1119 1681 (Statirae

122 1691 187 1717 erat
201 1690 326 1723 nomen)
341 1687 455 1725 nuptiis
470 1687 646 1716 Alexander
658 1687 716 1716 sibi
729 1687 923 1725 adiungeret:
937 1687 1039 1718 dotem
1054 1687 1121 1716 sore
