1215 1905
140 82 198 112 140
480 83 513 118 Q.
538 82 696 112 CURTII
720 83 830 112 RUFI

173 158 257 186 sultat,
269 158 377 189 sapienti
386 161 468 181 tamen
481 157 582 181 Cobaris
593 159 697 182 consilio
708 166 757 182 non
766 163 844 190 paret.
873 160 972 183 Interim
984 167 1027 183 rex
1037 159 1123 183 Baetra

171 192 297 223 pervenit,
317 192 360 215 ubi
378 192 408 215 de
420 191 569 215 Graecorum
582 192 722 217 defectione
736 196 760 216 et
770 193 800 216 de
810 192 969 217 Satibarzane
980 194 1009 217 ab
1020 193 1122 225 Erigyio

172 225 294 257 singulari
305 226 441 249 certamine
454 226 536 249 occiso
547 227 648 250 nuntius
660 227 681 250 ei
695 226 803 252 affertur.
823 227 855 251 V.
875 227 1005 251 Exercitus
1015 227 1123 251 Alexan-

171 260 221 288 dri,
233 267 278 290 per
288 258 430 291 Sogdianae
441 260 538 283 deserta
549 261 635 284 itinere
647 260 724 290 facto,
745 260 824 284 Oxum
839 268 936 285 amnem
950 261 1072 292 singulari
1082 269 1120 284 ra-

172 294 240 317 tione
256 297 364 325 superat.
394 294 486 317 Bessus
505 301 519 317 a
535 293 679 325 Spitamene
690 294 747 318 dolo
759 298 846 326 captus
857 295 890 319 ad
900 295 1069 319 Alexandrum
1080 295 1123 318 ad-

174 328 279 356 ducitur,
295 335 308 351 a
319 335 367 358 quo
379 327 490 356 Oxathri‚
498 328 573 351 Darei
585 329 662 356 fratri,
672 329 862 360 crucifigendus
875 330 988 353 traditur.
1009 329 1051 353 VI.
1063 329 1123 352 Bar-

172 362 287 386 barm-um
303 366 327 385 et
343 362 506 386 Macedonum
523 369 581 394 erga
597 370 683 394 regem
693 363 869 388 benivolentia.
890 364 979 387 Varias
997 367 1123 394 expugnat

171 396 254 419 urbes.
279 396 458 419 Alexandriam
470 396 500 419 ad
511 396 613 420 Tanaim
630 404 728 421 amnem
738 397 830 421 condit.
867 398 920 422 Vll.
940 397 976 421 De
987 396 1050 420 bello
1062 395 1121 428 Scy-

171 430 220 453 tltis
240 429 368 453 inferendo
379 430 522 454 Alexander
537 438 612 462 aeger
626 439 656 455 ex
672 431 772 455 vulnere
791 439 845 455 cum
862 432 914 455 suis
924 431 969 454 init
981 430 1121 454 consilium.

171 464 318 487 Aristander
328 468 397 487 vates
407 465 474 496 regis
485 464 604 488 voluntati
616 472 662 489 sua
672 466 843 489 accommodat
852 472 981 496 responsa.
1006 464 1123 488 Menede-

171 505 227 521 mus
244 505 258 521 ει
275 497 417 529 Spitamene
435 506 480 530 per
498 498 603 522 iusidias
620 507 675 523 cum
692 500 789 523 duobus
800 499 901 523 milibus
910 499 1022 530 peditum
1033 502 1057 522 et
1066 497 1123 522 CCC

174 532 298 562 equitibus
315 539 329 555 a
344 532 421 556 Dahis
440 532 600 556 interficitur:
620 534 686 563 quod
706 533 793 557 callide
813 533 955 557 dissimulat
970 532 1122 556 Alexander.

172 566 238 589 VllI.
257 566 320 589 Dum
332 567 456 590 exercitus
467 567 500 591 ad
509 566 600 590 bellum
617 568 768 599 accingitur,
788 566 935 598 Scytharum
954 567 1029 598 legati
1048 566 1123 590 adve-

173 600 243 623 niunt
265 607 293 624 ac
310 600 339 623 de
354 608 416 631 pace
432 601 560 632 egregiam
578 602 610 625 ad
625 602 795 625 Alexandrum
805 601 897 626 habent
907 601 1051 625 orationem.
1076 600 1121 626 IX.
1151 622 1153 629 ,

172 634 240 662 Rex,
256 633 346 665 legatis
357 635 468 658 dimissis
477 653 483 663 ,
499 635 602 658 Tanaim
613 640 728 666 superat:
745 635 837 659 bellum
851 635 950 667 Scythis
963 634 1050 659 infert:
1067 641 1123 657 cum

170 668 242 690 victis
259 667 367 699 benigne
389 669 449 700 agit.
488 668 519 692 X.
540 667 724 700 Sogdianorum
746 669 865 693 nobilium
886 670 994 693 invictus
1012 669 1120 692 animus.

171 701 243 725 Bessi
258 701 419 732 supplicium.
444 702 514 726 Novo
532 702 610 726 milite
627 707 733 735 augetur
749 704 882 727 exercitus.
920 703 962 726 XI.
982 703 1079 726 Petram
1091 703 1121 725 ab

171 736 289 759 Arimaze
300 735 427 767 Sogdiano
443 737 571 760 obsessam
580 755 586 765 ,
601 737 649 760 situ
663 742 764 761 naturae
776 738 827 761 fere
838 736 1057 768 inexpugnabilem
1067 755 1072 765 ‚
1091 736 1123 759 ad

173 769 325 793 deditionem
336 771 403 802 cogit
412 770 565 794 Alexander.

585 837 637 866 CA
649 838 677 865 P.
700 838 723 866 Ι.

223 903 253 939 (1
271 907 312 931 ed.
330 905 451 940 Zumpt.)
472 903 605 933 Philfitan
623 904 710 939 sicut,
725 902 899 932 recentibus
915 902 1040 931 sceleriS
1057 902 1122 931 eius
1136 907 1149 931 l

137 945 290 982 vestigiis,
315 944 380 974 iure
402 945 542 974 affectum
561 944 711 981 supplicio
728 948 911 973 censuerant
925 943 1048 977 militeS‚
1071 943 1119 977 ita,

137 991 300 1024 postquam
317 985 450 1015 desierat
466 995 545 1022 esse,
562 994 651 1023 quem
668 985 814 1020 odissent⁷
831 984 944 1013 invidia
959 984 987 1013 in
1004 984 1120 1013 miseri-

138 1027 272 1058 cordiam
294 1028 390 1057 vertit.
432 1028 568 1057 Moverat
590 1032 619 1056 et
631 1026 752 1056 claritas
767 1026 885 1056 iuvenis
902 1030 930 1055 et
945 1025 1040 1062 patris
1056 1025 1121 1055 eius
1134 1031 1150 1056 2

138 1074 281 1099 senectus
307 1074 399 1106 atque
423 1069 546 1098 orbitas.
585 1068 701 1097 Primus
727 1068 830 1097 Asiam
856 1071 1017 1104 aperuerat
1041 1066 1121 1104 regi:
1133 1071 1152 1096 3

139 1110 271 1140 omnium
297 1110 501 1147 periculorum
528 1110 593 1139 eius
620 1109 774 1146 particeps
802 1118 924 1145 semper
948 1109 1073 1138 alterum
1091 1108 1120 1137 in

138 1152 203 1181 acie
220 1161 315 1181 cornu
331 1152 523 1187 defenderat,
546 1151 685 1188 Philippo
703 1160 827 1188 quoque
843 1155 911 1180 aute
927 1158 1032 1179 omnes
1049 1149 1121 1179 ami*

139 1202 193 1222 cus
209 1198 238 1222 et
253 1193 311 1230 ipsi
322 1194 498 1223 Alexandro
515 1198 574 1222 tum
587 1194 675 1228 fidus,
691 1198 724 1222 ut
738 1192 898 1222 occidendi
913 1192 1044 1221 Attalum
1060 1200 1121 1221 non

138 1234 196 1263 alio
213 1235 349 1264 ministro
371 1234 412 1263 uti
434 1235 544 1263 mallet.
581 1235 694 1263 Horum
712 1234 853 1270 cogitatio
872 1234 992 1262 subibat
1007 1232 1120 1262 exerci-
1133 1237 1150 1262 4

137 1281 209 1311 tum,
225 1276 453 1312 seditiosaeque
469 1284 562 1305 voces
575 1276 783 1305 referebantur
795 1276 833 1304 ad
848 1284 960 1311 regem.
984 1273 1055 1310 Quis
1071 1274 1121 1303 ille

138 1318 219 1346 haud
235 1326 309 1347 sane
325 1322 425 1346 motus
442 1317 578 1353 satisque
595 1318 745 1353 prudens,
769 1316 820 1345 otii
833 1316 904 1345 vitia
920 1315 1042 1353 negotio
1059 1315 1119 1345 dis-

138 1359 213 1394 cuti,
240 1359 346 1395 edicit‚
371 1364 404 1388 ut
425 1367 530 1388 omnes
556 1358 586 1387 in
612 1358 763 1387 vestibulo
785 1357 887 1394 regiae
909 1361 1031 1394 praesto
1051 1356 1120 1386 sint.

139 1401 221 1436 Quos
236 1400 287 1430 ubi
303 1401 478 1437 frequentes
494 1401 606 1429 adesse
622 1399 780 1435 cognovit,
802 1399 831 1428 in
853 1398 1031 1428 concionem
1050 1407 1120 1435 pro·
1132 1403 1149 1427 5

138 1441 241 1471 cessit.
263 1442 351 1471 Haud
367 1442 458 1471 dubie
474 1450 512 1471 ex
528 1441 698 1478 composito
712 1440 867 1470 Atharrias
881 1441 1035 1477 postulare
1051 1448 1120 1468 coe-

138 1483 189 1519 pit,
205 1488 237 1513 ut
251 1484 420 1520 Lyncestes
433 1483 616 1517 Alexander,
633 1482 683 1519 qui
699 1483 791 1511 multo
806 1487 874 1511 ante
889 1490 978 1518 quam
989 1480 1119 1510 Philotas

137 1533 239 1561 regem
255 1524 405 1554 voluisset
421 1524 571 1560 occidere,
587 1524 790 1553 exhiberetur.
828 1525 855 1551 A
874 1523 993 1552 duobus
1015 1521 1120 1551 indici·
1132 1525 1148 1551 6

137 1566 209 1597 hus,
238 1566 317 1595 sicut
342 1575 435 1602 supra
461 1565 591 1594 diximus
605 1589 611 1602 ‚
638 1566 756 1594 delatus
783 1564 899 1594 tertium
925 1564 983 1592 iam
1008 1571 1119 1592 annum

138 1607 365 1637 custodiebatur
391 1608 419 1636 in
445 1607 584 1636 vinculis.
628 1607 764 1635 Eundem
786 1606 814 1635 in
842 1605 969 1642 Philippi
997 1613 1119 1641 quoque

136 1649 261 1678 caedem
277 1649 456 1678 coniurasse
473 1657 540 1678 cum
555 1648 705 1678 Pausania
720 1656 775 1684 pro
791 1651 945 1683 comperto
968 1645 1036 1675 fuit:
1064 1646 1119 1675 sed

137 1689 209 1727 quia
222 1689 336 1727 primus
350 1691 555 1719 Alexandrum
569 1698 671 1727 regem
685 1691 875 1722 salutaverat,
893 1687 1044 1724 supplicio
1058 1695 1118 1715 ma—
