1210 1895
483 103 707 129 PRAEFATIO
1093 110 1118 127 xi

147 174 190 202 tv,
211 172 243 198 16
262 172 333 204 (61).
355 172 397 198 11.
415 173 526 197 devios
540 173 629 196 saltus.
654 170 740 203 Vulgo
755 170 876 202 diversos,
889 170 916 194 Z.
935 170 1035 194 divisos.
1065 170 1119 202 Ego

82 209 159 240 Ieepii
178 210 217 240 (p.
239 206 297 239 59.)
320 207 536 240 elegantissimam
555 206 724 230 coniecturam
743 204 859 237 praetuli.

150 242 182 272 V,
204 243 215 267 l
237 242 291 274 (4).
310 240 352 267 29.
372 242 417 266 m'oe
434 240 626 265 sustinendo
644 240 717 270 operi
728 240 832 270 firmum.
868 238 952 270 Vulgo
962 235 1118 267 sufficiendo,

81 277 149 308 quod
170 276 228 301 l'erri
248 276 317 301 nullo
336 275 411 300 modo
430 279 522 307 potest.
562 275 623 303 Quia
643 275 718 301 euim,
738 281 843 304 quaeso.
864 280 919 297 cum
938 272 1054 305 Zumptio
1074 280 1119 296 un-

81 318 157 342 quam
177 311 275 339 dixerit,
293 314 395 343 pontem
414 309 438 333 iu
459 309 541 333 locum
560 308 641 341 egesti
660 307 712 332 limi
732 308 793 331 strui
814 306 853 331 vel
872 307 943 331 fleri?
964 306 1051 338 Neque
1065 307 1119 338 euf-

81 346 156 370 ticere
175 345 299 378 significat
318 344 478 376 substruere,
503 350 568 374 quae
593 342 712 367 Miitzellii
733 346 770 366 est
791 342 885 374 opinio.
923 341 1042 370 Mutatio,
1070 348 1119 372 qua

82 387 144 404 nsua
160 387 224 407 snm,
238 378 375 403 admodum
392 379 485 410 exigua
501 382 552 401 est:
572 385 621 408 qua
636 376 749 401 adhibita
764 380 815 400 tam
837 379 896 408 apta
915 377 1039 399 sententia
1057 380 1120 399 tam-

84 422 133 445 que
151 418 238 446 aperta
257 418 304 442 est,
323 416 350 437 ut
369 420 400 436 ne
421 413 523 436 verbum
542 412 644 442 quidem
663 411 772 435 adiicere
791 417 856 442 opus
874 410 915 434 ait.

152 448 182 476 V,
203 447 215 472 l
234 445 289 479 (6),
308 446 350 472 45.
373 448 445 472 trium
462 447 610 477 stipendium
629 446 753 470 mensium.
790 444 869 469 Omisi
881 452 955 473 nunc,
967 444 1035 475 quod
1046 444 1119 476 epist.

82 490 108 515 p.
127 480 170 507 32.
190 481 358 506 adiiciendum
377 489 434 505 esse
450 481 513 510 dixi,
528 481 705 511 mercenarius,
721 486 798 510 quum
816 479 891 503 verba
907 478 948 503 illa
964 479 1046 510 putari
1060 485 1120 510 pos-

83 517 131 541 sint
151 517 267 548 apposita
285 523 341 540 esse
361 516 393 540 ad
411 515 527 539 ducenos.

151 551 182 578 V,
201 551 217 576 2
236 548 288 580 (9).
312 549 350 576 19.
370 550 434 574 dono
452 557 488 577 ee,
507 557 570 581 quae
587 549 712 579 docerent,
731 548 803 572 dare.
823 548 850 572 Z.
871 548 983 579 donoque
1002 555 1030 572 ee
1048 547 1121 571 doce-

83 588 122 610 ret
133 584 206 613 dare,
219 585 294 617 vulgo
304 585 415 616 donoque
425 584 527 608 doceret
534 583 607 607 dare.
644 583 774 614 Zumptius
788 582 954 614 explicatione
967 582 1055 606 horum
1065 589 1120 605 ver-

84 620 171 644 borum
187 619 248 643 mihi
264 626 313 643 nou
333 618 471 643 satisfacit:
488 618 611 642 sententia
627 619 692 641 enim
711 617 796 640 ieiuna
815 621 839 640 et
858 616 939 640 inanis
959 621 1005 641 est.
1024 616 1121 640 Deinde

84 661 129 678 cur
147 653 246 679 Curtius
265 653 388 679 narravit.
412 660 548 685 purpuram
567 659 624 676 cum
642 651 694 682 liis,
719 659 784 682 quae
806 650 982 680 confecerant,
1003 650 1119 675 traditam

85 695 141 713 esse
161 687 322 721 Sisygambi?
363 687 433 717 Quae
452 687 541 711 debeat
560 694 615 710 esse
634 686 770 714 sementia,
797 685 940 709 Mi’nzellius
960 685 1055 713 docuit¹
1076 684 1122 709 sed

85 723 225 747 coniectura
243 722 298 746 eius
316 721 436 753 donoque,
455 729 518 753 quae
537 721 663 749 docerent,
682 720 747 744 dare
764 727 813 743 non
833 723 885 744 tota
905 727 967 743 usus
985 727 1049 744 sum.
1078 719 1120 742 Et-

83 756 151 782 enim
170 764 246 787 quum
265 763 292 780 te
311 756 336 780 iu
356 756 430 780 codd.
451 756 496 781 sit.
517 760 586 779 ratus
607 755 739 786 equidem,
760 761 807 786 que
825 754 851 779 11.
871 762 894 777 e.
914 762 978 785 quae
997 758 1021 778 et
1038 761 1066 778 se
1086 753 1118 777 lo-

85 797 141 816 cum
160 795 281 818 mutasse,
302 790 400 822 scripsi.
419 794 446 814 ut
466 796 541 821 supra
560 790 643 821 posui.
680 789 806 813 Docerent
825 793 861 812 est
881 789 955 812 etiam
965 788 991 813 iu
1001 787 1082 819 Bong.
1094 787 1119 811 1.

153 825 184 852 V,
202 823 220 850 4
237 824 307 856 (Η),
329 823 369 849 16.
397 823 443 857 [et]
466 824 665 855 persequentium
688 830 779 855 regem.
816 823 899 846 Verba
924 822 1121 854 persequentium

84 868 174 892 regem,
193 866 258 890 quae
277 858 414 883 editoribus
434 858 499 882 male
518 859 604 882 addita
626 858 679 882 visa
698 861 764 886 sunt,
784 864 859 888 quum
875 857 899 881 in
915 857 988 883 codd.
1005 856 1120 881 omnibus

85 899 178 923 extent,
195 893 298 918 difficile
316 900 376 917 sane
396 896 433 917 est
451 893 550 917 eiicere.
587 892 660 922 Quod
679 899 728 924 ego
745 892 860 924 apposui,
880 894 912 922 et,
929 891 1002 915 l'acile
1018 895 1121 923 propter

85 928 236 954 antecedens
255 927 402 953 exaudisset
420 927 535 951 excidere
552 927 642 959 potuit.
671 927 852 957 Peraeqnentes
868 933 953 957 regem
970 929 1053 949 autem
1071 932 1119 949 non

85 967 143 987 sunt
161 962 276 991 barbari,
303 962 349 986 ned
366 961 516 986 Macedones
541 969 627 994 regem
653 961 809 986 comitantes.
846 960 971 992 Persequi
989 960 1055 984 enim
1073 959 1120 983 hac

84 997 268 1030 significatione
286 997 354 1029 apud
373 995 440 1020 Curt.
459 996 521 1020 satis
541 995 670 1027 frequens.
707 995 748 1023 IV,
767 995 780 1020 1
797 994 848 1027 (5).
864 993 905 1020 27.
927 995 959 1024 V,
973 993 990 1019 8
1004 993 1075 1026 (24),
1093 991 1119 1018 8.

86 1032 117 1061 V,
135 1031 151 1058 9
171 1029 240 1063 (27),
263 1031 303 1056 12.
324 1030 365 1059 IX,
386 1029 402 1056 6
421 1029 490 1062 (24),
510 1029 552 1054 12.

153 1066 184 1094 V,
202 1066 219 1090 4
236 1065 308 1098 (15).
328 1064 370 1089 20.
399 1066 512 1093 monitos,
537 1066 594 1096 quia
618 1069 647 1089 et
671 1071 746 1096 eques
767 1064 850 1094 pediti
875 1068 932 1088 erat
950 1064 1055 1092 maetas,
1076 1066 1110 1086 ut

86 1108 174 1133 quum
191 1101 373 1131 pinguissimum
391 1103 456 1124 esset
475 1100 550 1123 solum
569 1112 602 1116 —
619 1100 708 1123 sensim
723 1098 901 1129 procederent.
943 1097 1028 1130 Vulgo
1048 1097 1122 1122 moni-

86 1138 132 1162 ωε,
151 1138 184 1160 ut,
203 1136 262 1166 quia
279 1142 354 1166 eques
370 1141 398 1164 p.
418 1141 440 1157 e.
460 1141 502 1164 m.‚
521 1141 581 1165 qua
598 1141 624 1164 p.
646 1141 668 1157 e.
690 1141 711 1157 s.
729 1140 794 1156 -ε,
814 1132 991 1163 procederent.
1028 1130 1078 1156 Sed
1098 1132 1122 1155 in

87 1169 188 1201 optimis
209 1168 374 1200 plurimisque
401 1168 474 1191 codd.
498 1171 523 1192 et
546 1173 603 1192 ante
619 1167 699 1198 pedes
723 1167 880 1199 appositum,
901 1166 991 1191 deinde
1011 1169 1035 1190 et
1052 1174 1123 1198 quum

87 1203 126 1228 vel
145 1206 170 1228 et
188 1210 260 1234 quam
277 1209 322 1234 pro
341 1209 390 1233 qua
407 1202 526 1234 scripturn
546 1207 590 1226 est.
634 1201 754 1233 Vulgaris
772 1201 845 1225 lectio
863 1208 913 1225 uno
933 1201 997 1224 Flor„
1019 1199 1046 1225 C.
1066 1201 1122 1225 niti-

86 1242 133 1261 tur.
154 1237 282 1261 Sententia
293 1241 374 1260 autem
395 1243 443 1260 non
462 1236 524 1260 satis
542 1241 616 1268 apta:
632 1243 712 1266 neque
724 1235 789 1260 enirn
805 1235 941 1260 verisimile
956 1239 1002 1263 est,
1017 1235 1122 1259 iussisse

85 1271 257 1296 Alexandrum
276 1271 373 1302 equites
392 1270 467 1295 modo
489 1271 591 1296 sensim.
604 1284 638 1288 —
649 1270 692 1294 ubi
707 1271 803 1302 pingue
819 1274 885 1294 esset
901 1269 991 1298 solum,
1002 1269 1120 1294 -modo

86 1306 199 1330 celeriter
216 1305 363 1338 procedere.
399 1305 498 1329 Deinde
517 1304 624 1331 Curtius.
644 1305 670 1329 id
689 1305 710 1328 si
725 1304 825 1329 volebat
841 1305 988 1336 exprimere,
1006 1311 1055 1328 non
1066 1305 1122 1334 pin-

83 1341 236 1372 qniasi'nmm.
260 1340 305 1364 sed
321 1340 412 1371 pinque
430 1346 525 1371 ponere
545 1339 660 1364 debebat.
703 1338 804 1363 Rectius
823 1339 906 1363 verbis
925 1346 995 1370 quum
1011 1339 1122 1370 pinguis-

85 1376 168 1399 simum
185 1378 251 1399 esset
267 1375 344 1398 solum
363 1381 464 1398 cansam
484 1373 566 1397 afferri
585 1374 726 1401 statuimus,
743 1381 787 1397 cur
803 1374 895 1397 sensim
911 1373 1048 1405 procedere
1065 1373 1122 1397 Ale-

86 1409 184 1433 xander
202 1409 300 1440 equites
318 1408 428 1432 iusserit.
463 1408 530 1439 Ergo
550 1413 650 1432 secutus
668 1415 723 1432 sum
743 1408 852 1439 optimos
872 1408 981 1437 codices,
997 1407 1070 1431 omisi
1085 1412 1120 1431 ta-

87 1451 144 1468 men
164 1444 271 1475 primum
290 1446 315 1467 et
340 1442 411 1474 (post
436 1442 564 1473 monitos).
589 1442 690 1467 tertium
714 1447 797 1466 antem
824 1442 894 1474 (unte
917 1441 1000 1474 quum)
1026 1443 1120 1465 mutar‘

87 1478 111 1502 in
131 1482 164 1502 ut.

155 1512 186 1538 V.
206 1509 223 1536 6
243 1509 312 1542 (20).
332 1510 356 1535 4,
378 1518 441 1543 quae
459 1510 680 1541 reperiebant.
717 1510 802 1542 Vulgo
819 1510 1017 1541 reperiebantur,
1034 1511 1060 1534 Z.
1080 1518 1111 1534 co

87 1546 156 1570 dices
172 1548 273 1570 secutus
292 1545 455 1576 recipiebant.
492 1546 525 1569 At
541 1544 675 1576 displicent
688 1545 810 1577 argutiae,
827 1552 890 1575 quas
901 1545 925 1568 in
937 1546 1062 1577 oppositis
1074 1545 1120 1569 sibi

87 1580 171 1604 verbis
189 1579 326 1611 recipiendi
346 1584 369 1603 et
388 1579 504 1611 capiendi
524 1579 573 1603 sibi
592 1579 735 1611 repperisse
754 1579 780 1602 Z.
800 1579 909 1603 videtur.

155 1614 187 1642 V,
207 1611 222 1638 7
241 1612 309 1645 (22),
329 1612 353 1638 7.
382 1617 539 1645 aggerentem
561 1614 613 1644 ι’φιί
632 1614 713 1644 faces.
760 1613 829 1645 (qni,
849 1613 874 1637 in
893 1613 968 1637 codd.
988 1612 1064 1645 paulo
1084 1613 1120 1637 in-

87 1648 165 1672 serius
183 1651 241 1680 post
265 1655 333 1680 aqua
359 1648 517 1680 appositum,
542 1648 573 1671 ab
600 1647 739 1672 editoribus
761 1648 882 1672 omissum
903 1652 951 1671 est.
993 1647 1046 1676 Quo
1074 1654 1121 1678 ego

87 1682 200 1706 transtuli
229 1680 306 1709 illud.
335 1682 369 1706 ibi
398 1689 459 1706 sane
486 1682 617 1713 aptissime
644 1681 791 1706 collocatum
811 1686 858 1706 est.
894 1680 967 1708 w.6
986 1680 1056 1713 (23).
1076 1680 1120 1707 29.

90 1715 157 1748 Eryo
176 1717 265 1748 (φρενί
285 1717 351 1740 altas
369 1716 475 1740 arbores
493 1716 559 1740 iubet
576 1720 600 1740 et
618 1717 670 1747 {97:1⁴
692 1716 753 1740 dari
769 1717 893 1741 alimenta.
937 1716 995 1740 Post
1021 1716 1108 1748 partie-²
