1215 1905
141 103 201 132 228
482 103 514 138 Q.
537 103 693 132 CURTII
714 104 822 133 RUFI

143 178 265 214 quidem
280 181 389 214 potens
406 178 543 214 corporis
558 186 664 207 rursus
680 177 709 206 in
725 186 824 214 genua
840 179 1015 215 procumbit,
1034 188 1123 209 manu

142 227 314 255 provocans
331 219 445 253 hostes,
463 218 488 247 si
505 218 573 255 quis
589 219 733 255 congredi
748 219 881 248 auderet.

220 259 287 295 (21)
309 260 442 288 Tandem
457 260 620 290 Peucestes
636 269 690 297 per
706 260 793 289 aliam
810 260 916 297 oppidi
932 265 1055 297 partem,
1072 263 1122 292 de·
1133 268 1164 292 14

143 301 268 330 turbatis
291 301 583 337 propugnatoribus,
611 302 687 331 muri
702 301 831 338 vestigia
852 310 1042 339 persequens
1059 303 1123 340 regi

142 342 328 379 supervenit.
372 342 436 378 Quo
467 347 632 379 conspecto
658 343 847 377 Alexander,
873 343 933 372 iam
958 352 1019 373 non
1045 344 1123 373 vitae
1132 351 1162 375 15

142 392 225 416 suae,
239 384 293 412 sed
309 383 413 413 mortis
430 383 571 414 solatium
587 384 804 420 supervenisse
818 387 917 420 ratus,
933 386 1042 422 clypeo
1060 385 1122 414 sati-

142 430 243 459 gutum
260 433 372 461 corpus
388 424 519 462 excepit.
562 425 649 455 Subit
664 426 733 454 inde
745 425 883 455 Timaeus
898 431 927 455 et
943 427 1033 463 paulo
1054 431 1125 463 post

141 468 323 501 Leonnatus⁷
339 466 408 495 huic
424 466 584 495 Aristonus
601 467 784 503 supervenit.
814 467 880 496 Indi
891 476 1022 504 quoque,
1034 476 1125 504 quum
1133 474 1165 499 16

141 508 218 537 intra
236 508 355 537 moenia
375 516 477 544 regem
499 516 568 537 esse
595 508 830 545 comperissent,
857 508 979 538 omissis
1005 509 1122 544 ceteris,

142 549 211 578 illuc
234 554 450 578 concurrerunt
471 550 679 586 urgebantque
700 553 902 586 protegentes.
943 550 989 578 Ex
1015 550 1123 586 quibus

141 591 290 626 Timaeus,
306 591 405 620 multis
422 591 552 620 adverso
566 599 694 627 corpore
707 591 881 620 vulneribus
893 591 1027 627 acceptis
1040 599 1123 628 egre-

142 632 253 669 giaque
269 631 349 661 edita
366 640 476 668 pugna,
502 632 625 662 cecidit:
650 633 812 662 Peucestes
835 641 958 669 quoque
975 632 1068 662 tribus
1084 632 1125 661 ia-
1135 637 1164 664 17

144 673 218 702 culis
236 674 399 702 confossus
416 682 475 702 non
492 682 526 702 se
542 678 640 703 tamen
657 678 752 709 scuto,
780 674 834 703 sed
852 682 955 710 regern
970 674 1122 704 tuebatur:

142 716 330 750 Leonnatus,
357 715 428 744 dum
443 714 532 743 avide
548 720 670 745 ruentes
686 716 832 745 barbaros
848 719 1033 751 summovet,
1060 724 1123 744 cer-

142 756 210 785 vice
225 756 356 793 graviter
370 756 438 791 icta,
462 756 646 786 semianimis
663 757 823 793 procubuit
838 760 906 785 ante
920 756 1001 793 regis
1018 757 1123 792 pedes.

142 799 204 827 Iam
213 802 242 827 et
252 798 415 827 Peucestes
428 798 603 827 vulneribus
613 798 753 835 fatigatus
766 798 957 827 summiserat
968 799 1109 835 clypeum
1118 809 1124 824 :
1133 803 1165 828 18

143 840 172 868 in
187 839 330 868 Aristono
347 847 420 876 spes
444 839 545 868 ultima
571 840 721 868 haerebat.
764 839 819 868 Hic
846 847 969 876 quoque
994 838 1125 875 graviter

144 880 266 910 saucius
283 885 393 910 tantam
407 880 467 909 vim
483 880 613 909 hostium
636 882 712 910 ultra
734 880 883 909 sustinere
909 888 970 909 non
995 884 1124 917 poterat.

143 923 222 951 Inter
242 922 318 951 haec
339 922 378 951 ad
399 922 582 950 Macedonas
604 930 703 958 regem
731 921 880 951 cecidisse
907 922 985 950 fama
1010 922 1125 957 perlata
1135 926 1166 952 19

143 968 199 993 est.
242 963 411 992 Terruisset
426 963 511 998 alios⁷
529 963 611 999 quod
626 963 694 992 illos
710 962 852 992 incitavit.
893 963 1029 999 Namque
1045 963 1122 999 peri—

145 1005 204 1034 culi
221 1005 318 1034 omnis
335 1005 524 1033 immemores
541 1004 674 1033 dolabris
689 1005 862 1041 perfregere
878 1012 995 1033 murum
1011 1008 1048 1039 et,
1065 1013 1126 1040 qua

144 1046 236 1076 moliti
253 1051 338 1075 erant
353 1046 481 1081 aditum,
507 1045 643 1081 irrupere
661 1045 691 1074 in
714 1046 817 1075 urbem
843 1046 998 1082 Indosque
1022 1046 1126 1081 plures

145 1088 293 1124 fugientes
311 1096 401 1124 quam
417 1086 561 1123 congredi
577 1095 669 1116 ausos
686 1087 868 1116 ceciderunt.
910 1087 975 1116 Non
992 1086 1126 1122 senibus,
1134 1092 1168 1117 20

145 1138 203 1158 non
222 1129 349 1165 reminis,
366 1137 425 1158 non
443 1128 606 1157 infantibus
623 1128 769 1165 parcitur:
787 1127 927 1165 quisquis
943 1133 1124 1163 occurrerat,

145 1171 181 1200 ab
203 1170 254 1200 illo
275 1172 464 1200 vulneratum
494 1178 595 1206 regem
622 1178 691 1199 esse
717 1170 890 1199 credebant.
932 1170 1124 1206 Tandemque

144 1212 349 1242 internecione
375 1212 506 1241 hostium
528 1211 625 1241 iustae
646 1212 708 1241 irae
729 1215 917 1248 parentatum
933 1216 988 1240 est.
1031 1211 1164 1240 Ptole-21

144 1262 279 1289 maeum,
297 1253 348 1290 qui
367 1258 476 1290 postea
491 1252 642 1289 regnavit⁷
658 1253 728 1282 huic
744 1261 863 1289 pugnae
879 1252 1006 1282 affuisse
1023 1256 1128 1281 auctor

145 1299 192 1325 est
213 1295 380 1324 Clitarchus
403 1299 431 1324 et
445 1294 634 1330 Timagenes.
677 1294 737 1323 Sed
763 1295 844 1330 ipse,
872 1294 987 1323 scilicet
1012 1293 1127 1330 gloriae

146 1345 219 1366 suae
235 1345 295 1366 non
310 1337 489 1373 refragatus,
505 1335 621 1364 aluisse
637 1344 684 1371 se,
706 1335 831 1364 missum
847 1335 876 1363 in
891 1335 1125 1372 expeditionem,

145 1378 307 1408 memoriae
324 1377 454 1407 tradidit.
492 1377 585 1405 Tanta
611 1376 856 1413 componentium
881 1380 1000 1405 vetusta
1026 1385 1125 1405 rerum

144 1423 337 1450 monumenta
364 1420 411 1449 vel
437 1418 584 1448 securitas
613 1419 674 1453 vel,
696 1427 750 1455 par
771 1417 840 1447 huic
854 1417 973 1453 vitium,
999 1416 1127 1447 creduli-

144 1466 190 1490 tas
209 1461 277 1490 suit!

228 1502 294 1537 (22)
317 1503 400 1538 Rege
415 1501 443 1530 in
460 1502 685 1530 tabernaculum
701 1502 809 1537 relato,
827 1500 935 1530 medici
951 1501 1063 1537 lignum
1081 1508 1126 1528 sa-
1135 1503 1168 1529 22

145 1545 236 1581 giltae
252 1544 374 1579 corpori
390 1544 515 1572 infixum
532 1542 586 1578 ita,
610 1551 646 1571 ne
663 1542 812 1579 spiculum
827 1547 1013 1575 moveretur,
1029 1540 1126 1570 absci-
1184 1563 1185 1566 ,

146 1587 226 1614 dunt.
271 1585 406 1622 Corpore
421 1585 531 1613 deinde
547 1584 669 1619 nudato,
686 1584 941 1619 animadvertunt,
962 1584 1067 1612 hamos
1084 1582 1168 1611 in-23

145 1635 216 1656 esse
234 1627 293 1655 telo
311 1634 365 1655 nec
378 1626 463 1655 aliter
481 1626 509 1655 id
522 1626 587 1655 sine
600 1625 733 1662 pernicie
746 1625 882 1661 corporis
895 1624 1010 1654 extrahi
1023 1632 1127 1660 posse,

146 1676 235 1705 quam
252 1672 284 1696 ut
300 1669 433 1697 secando
451 1668 559 1696 vulnus
576 1671 729 1703 augerent.
774 1667 920 1701 Ceterum,
934 1674 972 1695 ne
987 1668 1168 1694 secantes24

148 1709 328 1747 profluvium
347 1709 503 1744 sanguinis
520 1713 697 1744 occuparet,
723 1707 917 1737 verebantur:
948 1706 1062 1744 quippe
1085 1705 1128 1735 in—
