1215 1905
134 113 192 143 122
472 112 505 147 Q.
532 112 689 141 CURTll
710 112 817 142 RUFI

132 187 238 225 pellari
259 195 293 216 se
314 187 446 216 iusserat
467 186 661 224 Scythasque
683 192 713 217 et
733 192 852 218 ceteros
866 188 975 218 Tanais
991 190 1114 219 accolas

130 228 338 259 contrahebat.
362 229 445 258 Haec
453 228 665 258 Satibarzanes
680 229 844 265 nuntiabat,
857 238 946 266 quem
959 235 1114 267 receptum

129 271 160 299 in
183 270 274 299 fidem
295 269 427 307 regioni,
451 278 541 306 quam
563 274 653 300 antea
674 271 858 307 obtinuerat,
880 271 1035 308 praefecit.
1077 272 1114 301 Et
1124 276 1155 304 14
1200 264 1205 275 ¹

130 320 224 348 quum
240 320 332 347 grave
349 311 456 348 spoliis
474 316 685 348 apparatuque
708 313 844 342 luxuriae
860 321 966 349 agmen
983 313 1035 342 vix
1049 321 1113 343 mo-

131 357 266 388 veretur,
294 361 366 382 suas
389 353 532 389 primum,
558 353 668 382 deinde
690 354 782 383 totius
798 355 950 383 exercitus
966 354 1112 390 sarcinas,

128 394 267 430 exceptis
283 395 446 423 admodum
462 395 660 430 necessariis,
677 396 807 424 conferri
823 395 911 425 iussit
925 397 954 424 in
969 396 1111 425 medium.
1127 420 1131 421 γ
1166 411 1167 414 =

127 436 269 466 Planities
285 435 421 472 spatiosa
438 441 515 472 erat,
530 436 560 464 in
577 445 667 473 quam
683 437 822 466 vehicula
838 441 948 467 onusta
962 438 1112 473 perduxe-
1122 442 1158 468 15.
1180 462 1182 464 .
1204 443 1211 450 ¹

127 482 202 507 rant.
230 478 471 514 Expectantibus
488 478 620 513 cunctis,
638 478 711 514 quid
726 479 836 508 deinde
852 483 936 508 esset
949 479 1111 515 imperatu-

122 528 194 553 rus,
216 519 349 548 iumenta
369 519 459 548 iussit
479 519 589 548 abduci
612 519 740 556 suisque
756 521 884 556 primum
900 520 1028 549 sarcinis
1045 521 1111 550 sace
1173 543 1174 560 3

127 560 249 590 subdita
262 565 380 590 ceteras
393 561 514 590 incendi
527 561 692 598 praecepit.
712 561 902 598 flagrabant,
915 562 1112 592 exurentibus
1121 566 1153 593 16

127 602 272 636 dominis,
301 610 379 638 quae
406 607 437 631 ut
457 603 566 632 intacta
588 610 627 631 cx
653 603 778 632 urbibus
804 603 936 633 hostium
959 607 1110 639 raperent,
1184 603 1185 609 ¹

126 652 221 680 saepe
243 643 381 672 flammas
401 644 619 678 restinxerant‚
643 645 724 674 nullo
742 645 898 681 sanguinis
915 644 1043 681 pretium
1058 653 1110 674 au-

126 686 216 714 dente
243 684 371 719 desscre‚
400 694 492 722 quum
519 684 620 721 reg-ius
645 694 722 721 opes
749 686 828 714 idem
855 686 934 723 ignis
959 691 1109 716 exureret.
1173 714 1184 723 ,¹
1202 721 1205 727 ,

124 726 232 756 Brevis
245 726 356 755 deinde
369 727 464 756 oratio
478 726 624 762 mitigavit
635 727 781 763 dolorem,
797 727 976 763 habilesque
988 727 1110 757 militiae
1118 732 1151 759 17
1173 748 1174 753 ,
1202 735 1214 741 ”·

123 773 153 797 et
169 769 207 796 ad
223 768 324 797 omnia
346 768 442 804 parati
464 769 664 802 laetabantur,
688 768 872 798 sarcinarum
895 769 997 805 potius
1019 777 1109 805 quam
1173 764 1185 791 Ἢ·

125 809 305 845 disciplinae
322 810 433 839 secisse
450 811 603 839 iacturam.
642 809 734 846 Igitur
747 811 937 839 Bactrianam
953 810 1109 847 regionem
1117 815 1151 841 18

125 851 276 887 petebant.
1184 863 1185 866 ¹
1204 860 1208 865 ·

203 892 270 927 (22)
293 892 355 922 Sed
370 892 515 927 Nicanor,
542 892 746 922 Parmenionis
767 893 864 927 filius,
892 893 991 922 subita
1012 898 1107 922 morte
1173 922 1174 933 χ

123 938 282 970 correptus
296 942 404 970 magno
417 934 570 964 desiderio
584 934 631 962 sui
644 934 789 963 affecerat
800 939 937 963 cunctos.
960 935 1027 963 Rex
1038 939 1107 963 ante
1115 938 1149 965 19
1173 935 1174 969 ἶ

123 983 229 1004 omnes
245 980 379 1004 maestus
397 976 538 1011 cupiebat
560 975 681 1012 quidem
703 975 984 1013 subsiste1*e‚t'uneri
998 975 1106 1005 affutu-
1171 972 1174 993 ’ἶ

123 1025 185 1052 rus,
201 1017 256 1045 sed
272 1017 400 1053 penurla
415 1021 635 1046 commeatuum
658 1016 800 1046 festinare
821 1017 958 1053 cogebat.
1002 1017 1107 1053 Itaque

122 1058 252 1087 Philotas
270 1066 337 1087 cum
353 1059 474 1087 duobus
490 1058 610 1087 milibus
627 1062 656 1087 et
671 1058 719 1087 DC
735 1058 866 1094 relictus,
882 1062 914 1087 ut
928 1058 1007 1088 iusta
1023 1058 1106 1087 fratri

124 1100 326 1136 persolveret:
343 1099 411 1136 ipse
428 1100 582 1129 contendit
597 1099 635 1128 ad
651 1100 790 1129 Bessum.

201 1141 259 1170 Iter
274 1141 395 1170 facienti
417 1141 444 1170 ei
460 1141 575 1170 litterae
597 1141 764 1170 afferuntur
778 1150 795 1169 a
817 1140 950 1170 finitimis
972 1145 1149 1177 satrapa-20
1172 1152 1185 1180 μ

121 1191 197 1218 rum,
210 1191 227 1211 e
241 1183 351 1219 quibus
365 1183 533 1219 cognoscit,
549 1183 679 1212 Bessum
693 1182 814 1218 quidem
827 1182 928 1212 hostili
941 1182 1041 1211 animo
1054 1190 1106 1211 oc—
1172 1194 1174 1203 ν

121 1232 244 1253 currere
260 1232 326 1253 cuni
343 1225 487 1258 exoratu,
504 1229 637 1253 ceterum
654 1224 888 1258 Satibarzaneim
906 1232 996 1260 quem
1010 1228 1102 1252 satra-

121 1274 190 1301 pam
211 1265 353 1294 Ariorum
374 1265 442 1301 ipse
459 1265 674 1302 praefecisset,
695 1265 847 1294 defecisse
869 1265 907 1294 ab
924 1273 970 1294 eo.
1000 1266 1145 1301 Itaquessl
1173 1270 1174 1286 ³

122 1315 305 1343 quamquam
321 1307 419 1336 Besso
436 1306 622 1341 imminebat,
640 1311 738 1336 tamen
755 1307 792 1336 ad
810 1307 1034 1336 Satibarzanen]
1050 1315 1103 1343 op*
1172 1305 1174 1312 ⁴

120 1348 310 1384 primendum
327 1348 477 1385 praeverti
496 1348 640 1385 optimum
661 1353 743 1377 ratus
764 1349 862 1377 levem
878 1353 1059 1377 armaturam
1075 1352 1104 1377 et

114 1394 281 1426 equestres
294 1390 399 1427 copias
413 1390 514 1419 educit
526 1394 651 1426 totaque
666 1395 754 1419 nocte
768 1390 874 1419 itinere
887 1394 1010 1419 strenue
1024 1390 1102 1418 sacto

119 1431 305 1468 improvisus
313 1431 394 1461 hosti
403 1432 587 1468 supervenit.
598 1431 688 1460 Cuius
699 1431 820 1468 cognito
830 1432 962 1461 adventu
972 1431 1102 1461 Satibar-
1111 1435 1144 1460 22
1175 1438 1178 1444 ·

120 1476 211 1502 Zanes
228 1481 295 1502 cum
311 1474 337 1502 11
353 1473 473 1503 milibus
489 1473 623 1509 equitum
639 1478 708 1509 (nec
725 1474 828 1509 plures
850 1473 950 1503 subito
966 1472 1102 1502 contrahi

119 1518 272 1551 poterant)
292 1515 402 1544 Bactra
423 1515 567 1551 perfugit,
596 1514 688 1544 ceteri
705 1515 861 1550 proximos
876 1519 995 1544 montes
1012 1522 1102 1543 occu-

117 1561 276 1592 pax-erunt.
320 1557 485 1593 Praerupta
498 1565 591 1593 rupes
608 1561 667 1591 est,
686 1565 746 1592 qua
761 1561 879 1592 spectat
895 1555 1143 1585 occidenten1223

117 1598 233 1633 eadem,
251 1606 312 1634 qua
327 1598 424 1635 vergit
439 1599 478 1627 ad
495 1598 649 1633 orientem,
666 1597 780 1627 leniore
793 1596 957 1626 summissa
969 1596 1101 1633 fastigio,

117 1638 218 1668 multis
234 1639 394 1669 arboribus
411 1640 523 1675 obsita,
547 1648 710 1676 perennem
725 1639 816 1667 habet
831 1640 958 1673 sontem,
982 1646 1021 1667 ex
1038 1647 1099 1674 quo

117 1680 219 1716 largae
244 1688 343 1717 aquae
371 1686 502 1710 manant.
547 1681 695 1710 Circuitus
721 1679 787 1709 eius
808 1680 887 1709 XXX
909 1684 940 1709 ct
959 1680 984 1708 Il
1001 1679 1100 1709 stadia

114 1721 356 1758 comprehendit.
378 1723 411 1751 ln
429 1723 541 1752 vertice
557 1722 700 1751 herbidus
717 1730 854 1758 campus.
879 1722 911 1750 ln
929 1722 987 1750 hoc
1002 1721 1101 1750 multi-
1125 1737 1141 1753 -.=
1170 1737 1172 1756 χ
