1210 1895
102 89 166 107 xvm
496 81 727 105 PRAEFATIO.

168 150 223 177 VII.
245 148 275 173 ll
292 148 363 180 (42),
383 147 424 173 18.
443 150 467 172 in
486 149 557 173 inviis
573 153 597 173 et
614 151 721 180 asperis.
751 151 834 182 Vulgo
851 156 874 175 el
891 154 920 176 in
938 155 1042 183 asperis,
1062 154 1129 184 quod

100 185 143 208 ine
160 187 222 208 tum.

142 191 234 245 1'VIIL
255 217 268 241 1
286 216 338 248 (3),
357 216 400 241 24.
418 225 465 241 non
483 218 535 242 alia
553 225 590 241 re.
626 217 692 242 Nihil
709 217 799 242 melius
818 219 940 243 certiusve
958 220 1005 244 hac
1021 222 1128 253 Zumptii

101 252 251 280 coniectura,
271 258 346 282 quam
364 259 407 275 cur
423 252 477 283 ipse
495 259 545 275 non
563 253 690 283 receperit,
708 253 807 276 nescio:
825 253 899 283 alias,
914 255 982 284 quod
999 255 1074 286 vulgo
1094 255 1128 278 le-

101 287 182 318 gitur.
209 289 233 309 et
248 285 400 310 simulatione
418 285 485 310 nullo
504 286 579 310 modo
599 287 692 317 opponi
710 287 758 310 sibi
772 292 888 318 possunt.
924 288 989 316 VIII,
1009 287 1041 313 13
1058 288 1127 320 (45),

103 320 143 346 14.
164 320 233 343 malla
251 327 280 343 re
299 320 384 344 melius
402 327 472 351 quam
492 320 599 344 audacia
617 321 715 346 armati.

169 354 234 382 VIII,
250 352 268 377 4
285 353 356 386 (15),
378 354 419 378 15.
438 352 536 385 [aeqre]
555 361 629 385 seque
647 357 671 378 et
688 362 757 378 arma
776 359 923 379 sustentans.
960 355 1044 387 Aegre
1063 356 1127 380 desi-

102 388 183 412 derari
202 388 252 413 iam
269 388 333 412 vidit
352 388 508 411 Miitzellius:
526 388 582 419 ipse
600 392 682 412 tamen
701 396 750 412 non
769 390 926 420 interposuit.

169 422 234 451 VIII,
254 422 270 445 ὁ
289 420 360 453 (19),
380 420 422 446 19.
444 421 471 453 [a
489 421 569 453 vietis]
588 422 694 446 discere.
733 424 871 454 lutei-posui
895 432 910 447 α
928 424 997 447 victis
1016 424 1047 448 de
1069 432 1123 448 con-

101 457 193 480 iectura
203 455 375 480 Freinshemii.

169 491 234 521 VIII,
253 488 270 515 6
287 489 357 521 (22),
380 488 419 514 18.
447 490 565 514 humanae
583 493 673 514 mentes
692 491 844 522 inqentt'a
865 492 1129 522 concupiscentes

101 524 290 548 devoraverunt.
325 524 438 554 Plerique
465 524 537 548 codd.
564 525 672 555 ingentes
689 526 912 556 concupiscentiae,
931 533 995 556 quae
1013 533 1073 550 sane
1091 527 1128 550 ni-

102 558 148 582 hili
165 562 235 582 sunt:
255 558 398 582 Miitzellius
417 565 448 582 ea
464 558 498 582 ita
516 558 620 581 mutavit
638 559 786 587 coniectura,
804 564 831 582 ut
849 567 895 592 ego
906 560 1003 591 scripsi.
1023 560 1128 584 Addita-

103 597 213 617 meutum
230 600 280 617 non
299 592 373 616 modo
394 593 494 622 bonum,
513 592 558 616 sed
576 592 651 616 etiam
670 594 849 617 necessarium.

170 627 236 658 V111,
254 625 270 651 6
289 625 358 658 (22),
378 626 418 651 19.
439 627 586 650 collaudatis
605 633 706 658 quoque.
743 627 821 651 Codd.
840 632 863 651 et
881 627 950 659 vulg.
969 628 1129 652 collaudatis-

102 669 162 692 que,
183 661 207 684 Z.
228 661 383 685 collaudatis.
421 660 536 689 Rectius,
556 660 657 692 opinor,
687 668 734 692 ego
752 662 859 685 mutavi:
882 669 989 693 quoque,
1008 665 1035 685 ut
1052 669 1126 693 saepi.

103 695 171 726 apud
191 694 314 724 Curtium,
340 699 377 719 est
395 695 481 723 etiam,
501 695 574 718 adeo.
613 694 756 719 Alexander
777 703 833 724 eos,
860 695 902 725 qui
921 696 1061 719 Insidiaturi
1080 696 1127 726 ipsi

102 733 152 752 tota
172 733 244 753 nocte
264 729 428 760 perstiterant,
448 729 510 752 adeo
528 728 689 753 collaudavit.

171 764 237 793 VIII,
255 762 271 788 7
289 762 361 794 (25),
381 763 423 787 15.
445 770 527 793 parce
543 762 698 794 [parentibus
719 762 770 794 et]‚
790 770 889 794 quornm
908 763 1003 787 orbas
1018 767 1128 787 senectu-

102 801 156 828 tem,
178 798 305 828 suppliciis
323 805 352 821 ne
373 798 526 821 oneraveris.
564 796 646 828 Vulgo
661 803 748 828 parce,
768 804 867 828 quorum
884 797 969 820 orbam
984 801 1127 821 senectutem

102 833 229 862 suppliciis
246 840 276 855 ne
297 832 450 856 oneraveris.
488 832 574 862 Inepta
600 835 683 854 autem
709 830 772 854 haec
798 831 927 862 scriptura.
968 831 1032 855 Nam
1051 839 1126 861 quum

100 873 179 897 parce
198 865 258 889 nihil
277 865 329 889 fere
346 865 414 889 aliud
431 866 462 888 sit
474 883 480 895 ,
511 866 558 888 uisi
578 865 696 895 supplicio
714 872 745 889 ne
763 865 876 895 afficias,
905 865 955 889 iam
971 865 1034 889 haec
1052 866 1128 889 oritur

103 901 238 924 sementia:
254 899 376 931 suppIIcio
395 907 426 923 ne
444 899 539 923 afficias
559 906 615 927 eos,
636 906 741 929 quorum
759 899 843 923 orbam
862 902 1014 923 senectutem
1035 900 1128 930 suppli-

103 935 141 958 cio
160 942 190 958 ue
209 934 316 958 afficias.
354 933 452 964 Ieepius
471 933 510 965 (p.
530 932 605 964 426.)
624 933 708 957 orbam
725 934 750 957 in
769 933 845 957 orbas
863 934 976 961 mutavit,
995 937 1076 957 cetera
1093 934 1129 956 iu-

103 972 167 992 tacta
187 968 298 998 reliquit:
325 968 370 992 sed
384 975 481 998 parce,
500 975 531 991 ne
546 979 581 984 —
597 968 741 991 oneraveris
759 974 804 998 pro
818 974 899 998 parce
918 975 1040 996 onerare,
1066 975 1129 997 quae

104 1004 152 1026 iam
171 1003 226 1034 ipsa
244 1003 343 1033 poetica
360 1002 457 1025 dicendi
475 1002 537 1025 ratio
555 1005 600 1027 est.
618 1009 667 1025 non
686 1001 742 1025 lieet
761 1001 853 1027 dicere.
888 1002 920 1025 At
938 1002 1082 1026 felicissime
1094 1006 1129 1024 tu-

105 1044 161 1061 men
180 1037 293 1064 coniecit,
311 1036 387 1060 orbas
403 1036 562 1060 scribendum
582 1043 647 1059 esse.
683 1036 733 1059 Hoc
751 1043 797 1066 cgo
814 1036 918 1067 retinui,
937 1036 1037 1068 expleta
1055 1035 1128 1059 simul

104 1071 208 1100 lacuna,
241 1078 314 1100 quam
334 1071 399 1094 inter
414 1078 493 1100 parce
512 1073 536 1093 et
558 1077 670 1101 quorum,
700 1077 764 1100 quae
784 1070 901 1101 coniungi
920 1075 977 1102 apte
996 1074 1128 1100 nequeunt,

105 1109 209 1137 apparet
229 1112 293 1129 esse.
330 1104 479 1128 Parentibus
489 1108 520 1129 et.
534 1111 609 1134 quum
619 1111 698 1134 parce
710 1107 837 1134 sequatur,
851 1108 952 1135 propter
964 1104 1028 1128 initii
1039 1103 1130 1127 utrius-

105 1147 153 1169 que
172 1139 241 1162 vocis
260 1138 447 1162 similitudinem
473 1138 658 1162 intercidemnt.
696 1138 746 1161 Iam
765 1145 824 1161 vero
845 1145 949 1162 acumen
966 1138 990 1161 in
1009 1138 1131 1161 sententia

106 1174 170 1197 inest
198 1177 220 1196 et
248 1173 373 1197 acerbitas
399 1173 460 1195 truci
486 1172 610 1196 Hermolai
632 1173 733 1200 ingenio
753 1172 1018 1196 accommodatissima.
1054 1171 1129 1199 Infra,

105 1208 169 1234 VIII,
189 1205 206 1231 8
222 1205 293 1237 (28),
315 1205 354 1231 18.
376 1205 519 1230 Alexander
536 1205 598 1229 haec
616 1205 742 1229 Hermolai
760 1206 835 1229 verba
854 1206 999 1237 respiciens,
1016 1205 1052 1229 Ae
1061 1213 1131 1236 nune,

106 1241 194 1271 inquit.
214 1248 295 1265 mones
314 1248 358 1272 me,
380 1244 405 1263 ul
421 1241 509 1264 vestris
525 1240 679 1270 parentib
688 1247 720 1262 us
736 1247 876 1269 parcam.

176 1275 239 1301 vni,
257 1274 274 1298 8
293 1273 363 1305 (26),
382 1273 407 1297 2.
435 1278 513 1298 tumen
533 1282 579 1298 non
596 1274 672 1298 solum
690 1275 760 1303 ipse
781 1273 888 1304 [audivi‚
910 1274 957 1297 sed
973 1274 1078 1304 etium,
1106 1278 1131 1296 ul

106 1309 157 1340 vos]
176 1309 307 1337 audiretis,
329 1310 454 1338 eaepresse‘.
493 1308 520 1331 Η.
542 1308 557 1331 Ι.
579 1312 628 1331 tam
647 1312 732 1338 aperta
749 1307 837 1331 lacuna
856 1312 900 1333 est.
918 1311 944 1331 ut
963 1315 1034 1331 nemo
1055 1308 1084 1330 de
1102 1315 1131 1330 ea

107 1344 211 1368 dubitet.
249 1344 274 1366 In
297 1343 419 1374 explenda
446 1350 475 1366 va
498 1342 647 1365 Miitzellium
670 1342 752 1373 potius
776 1349 850 1371 quam
872 1342 1012 1372 Zumptium
1031 1345 1131 1365 seculus

107 1385 171 1406 sum,
192 1384 342 1407 quamquam
360 1377 395 1400 ita
412 1377 461 1406 ipsi
477 1376 502 1399 iu
521 1377 574 1406 ipse
592 1376 737 1399 mutandum
752 1380 811 1399 erat.
845 1376 939 1399 Deinde
951 1376 1023 1399 eliam
1035 1375 1131 1403 addidi,

107 1412 166 1442 quia
185 1410 283 1435 Curtius
302 1411 377 1439 illud,
402 1411 445 1434 ubi
463 1410 540 1434 verba
557 1417 603 1434 non
620 1411 704 1438 solum,
723 1417 770 1434 non
789 1410 858 1434 modo
875 1409 1036 1435 antecedunt.
1057 1409 1131 1432 raris-

107 1447 169 1469 sime
189 1446 287 1472 omittit,
306 1453 386 1475 neque
405 1451 466 1468 saue
484 1451 558 1468 causa
579 1449 623 1468 est.
643 1452 686 1467 cur
704 1444 728 1467 li.
749 1443 764 1467 l.
783 1444 808 1467 id
824 1444 912 1468 fecisse
926 1451 981 1467 eum
995 1447 1131 1467 statuamus

109 1484 132 1503 et
152 1485 201 1503 tam
222 1480 289 1511 parci
307 1479 384 1502 simus
402 1478 542 1503 verborum,

176 1514 242 1541 VIII,
260 1513 277 1537 8
295 1512 365 1544 (26),
383 1511 408 1537 3.
427 1516 452 1536 et
462 1513 573 1542 ferunt
588 1520 603 1535 α
620 1512 739 1536 tutoribus
749 1513 845 1543 pupilli.
864 1510 1055 1543 Elegantissime
1070 1509 1131 1533 haec

109 1552 146 1570 est
164 1547 272 1571 Acidalii
291 1548 432 1571 coniectura
450 1551 473 1570 et
492 1546 639 1577 dignissima
655 1547 774 1578 profecto,
795 1554 858 1576 quae
870 1546 1010 1577 recipiatur.
1048 1543 1131 1574 Vulgo

108 1585 134 1605 nt
151 1581 250 1613 legitur.
287 1581 401 1605 Editores
418 1588 467 1604 non
486 1581 540 1604 ausi
560 1585 615 1604 sunt
635 1588 689 1605 eam
707 1581 829 1612 recipere,
848 1581 920 1610 quia,
948 1578 1073 1610 quomodo
1092 1585 1132 1601 co-

110 1615 192 1638 dicum
209 1616 330 1646 scriptura
349 1619 402 1638 orta
421 1619 494 1641 esset,
514 1622 561 1638 uon
579 1619 770 1647 perspexerunt:
788 1621 861 1642 nunc,
881 1613 1019 1638 accuratius
1033 1612 1131 1643 cognita

110 1649 223 1673 codicum
241 1654 337 1675 natura,
358 1648 430 1672 facile
448 1652 484 1672 est
502 1648 636 1673 intellectu.
673 1649 797 1673 Intercidit
816 1648 880 1672 enim
900 1648 969 1679 prior
989 1646 1057 1670 verbi
1074 1652 1132 1677 pars

108 1684 158 1712 ser.
177 1684 266 1707 deinde
286 1691 317 1706 ex
336 1687 379 1706 unt
396 1682 487 1706 factum
507 1688 540 1706 es(
562 1686 596 1706 ut.
