1215 1905
133 85 192 115 156
480 85 513 118 Q.
537 83 692 112 CURTII
713 83 819 113 RUFI

214 159 281 196 (22)
297 159 420 195 lamque
436 159 475 187 ad
491 159 737 195 persequendum
748 159 878 188 Bessum
894 162 1039 189 statuerat
1054 163 1163 196 pro-19

134 201 235 239 gredi,
253 209 345 237 quum
361 208 412 235 ea,
429 208 508 236 quae
523 199 553 229 in
570 199 731 236 Sogdianis
747 204 845 235 erant,
862 200 1030 237 cognoscit.
1053 200 1121 238 Spi-
1173 205 1175 208 ⁴

135 242 271 273 tamenes
286 245 351 271 erat
366 241 442 271 inter
458 249 564 271 omnes
581 241 695 270 amicos
709 242 875 278 praecipuo
892 242 1008 271 honore
1024 243 1121 272 cultus

135 294 152 313 a
168 285 277 313 Besso.
300 282 361 312 Sed
379 283 468 312 nullis
486 282 600 312 meritis
617 284 744 319 perfidia
760 282 888 319 mitigari
904 287 1020 320 potest:
1044 288 1164 320 quae20

136 331 234 355 tamen
251 324 351 354 minus
368 325 396 353 in
413 333 450 353 eo
468 325 566 354 invisa
581 332 651 354 esse
667 328 798 362 poterat,
823 325 895 361 quia
916 325 988 354 nihil
1004 324 1055 354 ulli
1071 333 1122 354 ne—
1167 336 1173 340 ’

138 369 247 397 fastum
263 366 291 394 in
308 367 452 399 Bessum,
470 366 694 395 interfectorem
709 366 789 403 regis
806 366 867 401 sui,
885 366 1054 396 videbatur.
1076 366 1123 395 Ti-

137 410 217 439 tulus
234 408 361 437 facinori
377 407 540 444 speciosus
554 408 789 444 praeferebatur,
806 408 938 438 vindicta
948 408 1051 437 Darei:
1068 408 1124 437 sed

138 452 303 484 fortunam,
325 458 384 478 non
408 450 509 478 scelus
527 450 633 479 oderat
647 449 745 479 Bessi.
787 450 924 486 Namque
939 454 971 478 ut
991 450 1160 480 Alexan—21

137 494 223 521 drum
241 491 352 520 flumen
370 491 467 519 Oxum
489 499 654 527 superasse
677 491 835 528 cognovit,
857 491 1080 527 Dataphernem
1096 495 1125 520 et

138 534 294 568 Catenem‚
318 533 428 569 quibus
444 541 461 561 a
476 533 574 562 Besso
590 532 721 561 maxima
737 533 813 562 fides
830 533 1012 568 habebatur,
1028 532 1057 561 in
1074 541 1123 562 so-

139 575 277 604 cietatem
289 574 438 610 cogitatae
451 573 494 603 rei
508 573 641 603 asciscit.
664 574 708 602 Illi
720 574 889 611 promptius
902 574 1020 610 adsunt,
1034 582 1124 610 quam

138 617 330 653 rogabantur,
347 615 577 652 assumptisque
590 619 658 645 octo
673 615 846 645 fortissimis
858 615 1019 645 iuvenibus
1036 616 1125 645 talem

140 659 243 687 dolum
261 657 426 686 intendunt.
452 656 644 693 Spitamenes
662 657 760 693 pergit
774 658 814 686 ad
829 658 957 687 Bessum
975 662 1011 692 et,
1028 665 1125 686 remo·
1133 661 1164 686 22

140 700 176 729 tis
192 699 321 733 arbitris,
338 698 527 735 comperisse
543 699 584 727 ait
600 707 649 734 se,
664 698 799 727 insidiari
815 698 843 728 ei
857 699 1081 735 Dataphernem
1097 703 1127 727 et

139 740 297 775 Catenem,
313 744 346 769 ut
360 740 463 769 vivum
479 741 652 769 Alexandro
671 741 837 776 traderent,
856 741 1019 777 agitantes:
1043 749 1061 769 a
1077 748 1123 769 se-

139 787 199 812 met
211 786 379 819 occupatos
392 790 462 811 esse
476 786 505 810 et
517 782 635 811 vinctos
653 782 755 811 teneri.
778 783 894 811 Bessus
912 786 992 812 tanto
1009 781 1166 816 merito,23
1213 784 1215 808 i

139 829 170 854 ut
186 824 343 859 credebat,
369 823 519 859 obligatus
542 823 649 859 partim
666 823 778 859 gratias
795 824 870 859 agit,
893 823 1001 860 partim
1016 823 1124 852 avidus

139 865 281 902 explendi
305 864 447 901 supplicii
472 864 583 893 adduci
605 873 660 894 eos
686 865 776 894 iubet.
821 865 879 900 llli,
905 864 1045 894 manibus
1071 867 1168 894 suam

141 911 250 944 sponte
266 906 416 943 religatiS‚
434 914 452 935 a
468 905 665 942 participibus
682 906 801 936 consilii
817 907 1025 935 trahebantur:
1048 913 1127 942 quos

140 950 254 978 Bessus
272 948 348 977 truci
364 949 448 977 vultu
463 947 584 977 intuens
601 948 765 984 consurgit,
781 947 920 976 manibus
936 956 997 976 non
1015 952 1127 983 tempe-

137 995 267 1020 raturus.
292 991 392 1026 Atque
407 989 457 1024 illi,
474 989 666 1018 simulatione
679 990 801 1023 omissa,
818 988 1045 1018 circumsistunt
1060 996 1128 1017 eum

139 1037 168 1062 et
185 1033 295 1061 frustra
311 1034 530 1068 repugnantem
553 1030 700 1066 vinciunt,
727 1031 845 1066 direpto
868 1039 906 1059 ex
929 1031 1028 1067 capite
1043 1029 1128 1066 regni

139 1073 250 1110 insigni
273 1073 467 1109 lacerataque
482 1077 584 1108 veste,
607 1080 697 1108 quam
714 1081 730 1101 e
746 1071 854 1108 spoliis
876 1072 972 1102 occisi
987 1071 1067 1109 regis
1083 1071 1127 1100 in-

140 1116 255 1144 duerat.
298 1115 351 1142 llle
367 1115 458 1148 deos,
483 1115 528 1142 sui
546 1114 671 1143 sceleris
687 1115 815 1148 ultores,
838 1114 950 1143 adesse
966 1114 1128 1143 confessus
1137 1116 1168 1143 2⁵

140 1156 259 1191 adiecit,
276 1165 335 1185 non
354 1157 449 1185 Dareo
467 1155 589 1191 iniquos
606 1154 715 1189 fuisse,
735 1163 825 1191 quem
841 1155 885 1184 sic
900 1155 1128 1189 ulciscerentur,

140 1199 195 1227 sed
218 1199 394 1226 Alexandro
420 1197 570 1233 propitios
598 1205 683 1231 esse,
711 1196 798 1226 cuius
823 1196 981 1226 victoriam
1008 1204 1129 1233 semper

140 1240 229 1269 ctiam
246 1239 350 1268 hostes
373 1239 572 1267 adiuvissent.
615 1238 774 1267 Multitudo
797 1246 834 1266 an
850 1237 1041 1267 vindicatura
1054 1238 1168 1267 Bes-26

141 1290 207 1310 sum
226 1281 327 1315 fuerit,
354 1281 500 1309 incertum
516 1283 577 1315 cst,
604 1279 662 1308 nisi
683 1279 741 1315 illi,
768 1279 819 1315 qui
841 1279 1014 1313 vinxerant,
1042 1279 1129 1308 iussu

140 1322 306 1352 Alexandri
343 1322 453 1350 fecisse
485 1321 570 1357 ipsos
605 1321 739 1350 ementiti
770 1320 880 1350 dubios
909 1321 1009 1350 adhuc
1039 1320 1128 1350 animi

141 1364 327 1393 terruissent.
382 1364 413 1391 ln
441 1371 551 1399 equum
582 1362 756 1398 impositum
785 1362 961 1391 Alexandro
992 1361 1128 1391 tradituri

140 1407 263 1435 ducunt.

220 1447 287 1483 (23)
302 1447 382 1476 Inter
394 1447 468 1475 haec
484 1454 547 1481 rex,
565 1445 675 1482 quibus
687 1450 802 1474 matura
815 1449 879 1474 erat
895 1444 1009 1479 missio,
1025 1444 1130 1474 electis
1138 1447 1168 1474 27

139 1489 260 1518 DCCCC
276 1489 354 1523 fere,
377 1488 446 1517 bina
463 1488 573 1516 talenta
595 1487 687 1524 equiti
705 1487 802 1522 dedit,
827 1486 920 1523 pediti
936 1490 1020 1515 terna
1036 1487 1128 1515 dena-

138 1531 216 1559 rium
240 1529 336 1566 milia,
362 1529 573 1565 monitosque,
597 1534 630 1558 ut
655 1529 768 1558 liberos
794 1532 989 1564 generarent,
1014 1526 1130 1556 remisit

140 1572 271 1601 domum.
316 1571 429 1601 Ceteris
447 1570 560 1607 gratiae
585 1574 684 1606 actae,
708 1570 791 1607 quod
806 1570 844 1599 ad
861 1569 978 1605 reliqua
991 1568 1062 1598 belli
1078 1576 1128 1596 na·

139 1618 264 1643 vaturos
285 1621 409 1649 operam
436 1612 666 1649 pollicebantur.
708 1612 785 1641 Dum
806 1611 923 1640 Bessus
946 1609 1128 1647 perducitur,
1137 1613 1167 1640 28

140 1659 319 1692 perventum
342 1658 405 1683 erat
427 1654 456 1683 in
481 1654 639 1690 parvulum
665 1652 826 1690 oppidum:
854 1651 1046 1681 Branchidae
1063 1650 1128 1680 eius

139 1697 257 1726 incolae
283 1699 377 1725 erant.
420 1695 521 1725 Mileto
549 1695 703 1732 quondam
731 1694 817 1723 iussu
842 1692 968 1729 Xerxis,
997 1701 1089 1730 quum
1111 1700 1128 1721 e
