1215 1895
81 81 121 113 78
425 80 458 116 Q.
482 80 638 109 CURTII
658 79 765 109 RUFI

79 165 140 187 non
156 164 246 191 auro,
261 155 345 191 viris,
362 163 422 184 non
438 153 557 184 urbium
573 153 675 184 tectis:
700 154 800 183 omnia
815 155 902 192 sequi
918 160 1065 186 armatos:

78 197 124 228 sic
144 197 276 227 maiores
298 204 372 226 suos
392 197 552 233 perculsos
573 195 602 225 in
625 196 776 232 principio
803 204 903 225 rerum
928 197 1065 227 celeriter

78 239 237 275 pristinam
261 245 426 275 reparasse
454 238 612 267 fortunam.
655 237 763 274 Igitur,
790 237 855 266 sive
881 238 1065 268 confirmatis
1090 244 1107 269 9

77 288 184 310 eorum
205 279 328 316 animis,
350 279 416 309 sive
437 279 595 316 imperium
616 279 713 316 magis
736 287 827 315 quam
843 278 1003 309 consilium
1018 289 1064 309 se-

80 322 252 359 quentibus,
269 320 388 350 Mediae
404 321 480 350 fines
497 320 655 357 ingressus
671 324 727 350 est.

157 363 203 402 (2)
218 363 312 392 Paulo
329 366 400 399 post
414 362 590 391 Alexandro
606 362 719 391 Arbela
733 363 900 398 traduntur,
915 361 1000 398 regia
1016 370 1065 392 su·
1075 368 1108 392 10

79 405 229 443 pellectile
255 404 369 441 ditique
394 412 469 440 gaza
490 404 622 440 repleta:
650 407 790 441 quattuor
815 404 896 432 milia
923 404 1066 433 talentum

79 448 178 483 suere,
194 449 354 483 praeterea
368 445 522 482 pretiosae
538 449 655 480 vestes,
678 446 779 481 totius,
797 450 828 474 ut
844 453 937 482 supra
953 446 1065 475 dictum

79 492 140 524 est,
168 487 319 517 exercitus
336 487 445 524 opibus
462 487 492 515 in
507 486 587 516 illam
604 487 708 516 sedem
724 486 888 523 congestis.
920 487 1105 523 Ingruen-ll

79 530 159 560 tibus
181 528 292 558 deinde
316 528 446 564 morbis,
470 537 547 565 quos
571 529 647 558 odor
669 529 852 558 cadaverum
873 528 943 558 totis
965 528 1064 557 iacen-

79 571 152 601 tium
175 570 290 607 campis
313 571 504 607 vulgaverat,
531 570 676 599 maturius
700 574 800 600 castra
820 569 924 599 movit.
962 569 1064 599 Eunti-

79 613 135 643 bus
151 621 169 641 a
184 616 269 649 parte
282 613 369 641 laeva
384 611 495 640 Arabia
505 634 512 647 ‚
529 612 657 641 odorum
680 611 829 642 fertilitate
844 611 954 640 nobilis
970 611 1064 648 regio,

80 658 251 691 campestre
266 653 322 683 iter
338 657 392 682 est.
417 654 496 682 Inter
511 653 610 689 Tigrin
627 657 656 681 et
670 653 844 689 Euphraten
860 653 990 682 iacentia
1005 656 1106 682 taml2

81 696 162 726 uberi
179 699 208 724 et
223 695 326 732 pingui
342 696 409 724 solo
426 699 510 730 sunt,
527 699 558 723 ut
574 703 591 723 a
606 699 694 731 pastu
709 695 816 731 repelli
833 702 946 731 pecora
963 694 1064 723 diean-

78 743 134 773 tur,
151 745 189 766 ne
204 736 327 766 satietas
343 736 479 773 perimat.
517 735 616 765 Causa
631 736 790 766 fertilitatis
806 740 853 765 est
867 736 989 771 humor,
1013 736 1064 772 qui

79 788 118 809 ex
129 783 260 815 utroque
272 787 360 808 amne
372 783 480 814 manat,
494 782 556 806 toto
570 778 634 807 fere
646 778 712 807 solo
725 781 850 814 propter
861 785 956 806 venas
969 785 1063 814 aqua-

78 829 145 850 rum
165 820 337 850 resudante.
381 819 443 856 Ipsi
465 827 568 848 amnes
586 827 624 848 ex
645 818 807 847 Armeniae
826 818 978 848 montibus
994 827 1063 855 pro-
1073 823 1105 849 13

79 862 176 892 fluunt
191 870 226 890 ac
242 870 351 898 magno
368 861 477 890 deinde
492 869 639 897 aquarum
655 860 784 890 divortio
801 861 870 896 iter,
894 860 978 897 quod
994 868 1063 889 coe-

81 907 202 942 perunt,
219 906 413 940 percurrunt:
438 902 498 931 duo
514 902 595 931 milia
610 906 640 931 et
655 901 820 938 quingenta
836 902 934 931 stadia
949 900 1065 931 emensi

81 950 159 981 sunt,
176 944 228 982 qui
241 944 460 981 amplissimum
473 943 661 973 intervallum
674 943 755 972 circa
769 942 931 972 Armeniae
946 946 1064 972 montes

79 990 268 1017 notaverunt.
312 985 405 1015 Iidem
421 994 513 1021 quum
528 984 647 1013 Mediae
666 989 695 1014 et
711 985 941 1022 Gordyaeorum
956 988 1065 1014 terram
1076 988 1107 1013 14

80 1036 186 1059 secare
198 1031 371 1064 coeperunt,
385 1027 527 1063 paulatim
540 1026 570 1055 in
582 1026 675 1055 artius
692 1027 802 1055 coeunt
815 1030 853 1062 et,
870 1035 930 1062 quo
944 1025 1064 1063 longius

80 1074 216 1105 manant,
232 1070 290 1099 hoc
306 1069 464 1105 angustius
481 1069 557 1097 inter
572 1076 606 1097 se
622 1068 753 1104 spatium
768 1072 866 1097 terrae
880 1068 1064 1104 relinquunt.

82 1111 179 1141 Vicini
191 1111 320 1140 maxime
333 1114 404 1139 sunt
415 1110 444 1139 in
459 1110 584 1146 campis,
598 1117 676 1146 quos
689 1109 808 1138 incolae
816 1108 1066 1146 Mesopotamiam
1076 1113 1106 1138 15

81 1154 252 1190 appellantt
268 1151 398 1181 mediam
414 1159 545 1188 namque
561 1152 598 1180 ab
613 1154 744 1187 utroque
759 1151 854 1181 latere
871 1151 1065 1180 concludunt.

80 1194 173 1224 Iidem
190 1202 244 1230 per
258 1193 497 1231 Babyloniorum
512 1193 589 1221 fines
606 1193 634 1220 in
651 1193 774 1221 rubrum
789 1201 872 1221 mare
887 1192 1065 1229 irrumpunt.

81 1236 256 1266 Alexander
272 1234 387 1272 quartis
401 1234 509 1264 castris
525 1235 563 1262 ad
576 1233 698 1263 Mennin
718 1234 822 1263 urbem
842 1233 989 1270 pervenit.
1013 1233 1066 1262 Ca-
1075 1237 1107 1262 16

81 1286 174 1307 verna
189 1277 229 1306 ibi
252 1281 312 1311 est,
340 1285 378 1306 ex
394 1285 454 1313 qua
470 1277 538 1305 sons
558 1275 708 1312 ingentem
725 1275 878 1304 bituminis
895 1275 954 1304 vim
969 1275 1065 1304 effun-

81 1320 138 1355 dit,
166 1319 243 1348 adeo
279 1322 312 1346 ut
344 1319 417 1347 satis
441 1321 573 1353 constet,
598 1316 787 1354 Babylonios
809 1325 912 1346 muros
935 1316 1066 1353 ingentis

82 1360 185 1398 operis
200 1359 289 1389 huius
307 1359 398 1389 sontis
414 1358 558 1388 bitumine
574 1359 719 1387 interlitos
735 1366 815 1387 esse.

163 1402 209 1438 (3)
232 1402 369 1431 Ceterum
389 1400 590 1438 Babyloniam
614 1399 792 1436 procedenti
813 1400 988 1429 Alexandro
1010 1399 1107 1429 Met-17

82 1452 189 1480 zaeus,
207 1443 259 1480 qui
274 1452 313 1472 ex
328 1443 392 1472 acie
408 1443 436 1471 in
454 1451 520 1471 eam
535 1443 639 1471 urbem
656 1442 847 1478 confugerat,
871 1450 940 1470 cum
955 1440 1065 1470 adultis

81 1485 185 1515 liberis
201 1486 333 1522 supplex
348 1484 488 1520 occurrit,
502 1484 607 1513 urbem
624 1491 718 1519 seque
734 1483 859 1512 dedens.
890 1483 998 1512 Gratus
1015 1482 1066 1511 ad-

82 1532 192 1556 ventus
208 1527 274 1556 eius
291 1526 346 1556 suit
359 1526 437 1562 regi:
461 1525 575 1563 quippe
598 1525 698 1561 magni
715 1525 816 1561 operis
832 1524 951 1554 obsidio
969 1524 1066 1553 futura

82 1573 146 1598 erat
170 1573 229 1598 tam
256 1567 389 1597 munitae
415 1567 508 1596 urbis.
550 1566 599 1595 Ad
625 1566 683 1595 hoc
709 1565 753 1594 vir
777 1565 901 1595 illustris
928 1569 957 1594 et
978 1573 1067 1594 manu
1077 1569 1109 1594 18

84 1614 241 1648 promptus
264 1611 405 1646 famaque
427 1608 517 1638 etiam
539 1608 678 1645 prox1mo
696 1606 812 1644 proelio
829 1606 958 1637 celebris
974 1610 1004 1636 et
1018 1614 1066 1635 ce—

84 1658 164 1681 teros
185 1652 224 1680 ad
251 1651 436 1680 deditionem
457 1649 505 1679 sui
526 1649 703 1679 incitaturus
729 1649 869 1685 exemplo
898 1647 1066 1677 videbatur.

82 1693 175 1730 igitur
190 1693 269 1723 hunc
286 1692 408 1729 quidem
423 1691 553 1727 benigne
569 1699 636 1721 eum
659 1690 760 1720 liberis
782 1689 908 1726 excipit:
936 1694 1068 1719 ceterum
1077 1692 1109 1718 19
