1215 1895
143 105 185 134 66
492 104 524 139 Q.
549 103 703 133 CURTlI
724 103 833 134 RUFI

139 188 211 209 mus
227 180 377 217 Amyntas
394 182 465 207 erat.
502 177 660 215 Philippus
680 177 799 208 Balacri
821 179 1026 218 Stymphaeos
1047 189 1134 218 rege-

144 222 202 256 bat,
216 220 245 250 in
259 219 437 249 societatem
451 227 549 256 nuper
561 220 685 249 ascitos.
706 221 790 250 Haec
802 221 900 251 dextri
912 230 1024 252 cornus
1036 222 1131 252 facies

143 266 216 292 erat.
252 262 285 290 In
301 261 389 290 laevo
407 261 547 290 Craterus
563 261 841 298 Peloponnensium
857 262 976 300 equites
992 263 1132 301 habebat,
1140 267 1177 293 29

140 304 335 333 Achaeorum
356 306 386 332 et
409 302 608 332 Locrensium
629 307 659 332 et
678 303 810 333 Maliecm
833 304 938 334 turmis
954 304 1012 334 sibi
1027 305 1132 335 adiun-

143 345 208 374 ctis.
231 345 295 374 Hos
310 343 448 373 Thessali
465 344 584 381 equites
602 345 790 382 claudebant,
806 345 945 383 Philippo
963 347 1050 376 duce.
1078 347 1132 376 Pe-

141 387 236 416 ditum
251 385 334 415 acies
351 385 487 422 equitatu
502 386 670 422 tegebatur.
705 386 801 416 Frons
823 387 901 416 laevi
924 396 1036 418 cornus
1057 388 1132 418 haec

141 432 214 457 erat.
228 428 290 457 Sed
302 436 340 456 ne
353 427 503 456 circumiri
515 432 623 464 posset
634 436 652 456 a
664 428 864 465 multitudine,
875 428 1011 459 ultimum
1024 438 1131 466 agmen
1142 436 1177 462 30

139 469 242 499 valida
257 477 349 498 manu
364 469 508 498 cinxerat.
546 469 665 498 Cornua
686 479 808 507 quoque
831 470 977 500 subsidiis
993 471 1131 502 firmavit.

140 520 202 541 non
218 515 302 540 recta
317 511 424 546 fronte,
441 511 496 540 sed
512 520 530 540 a
545 512 638 540 latere
654 511 773 547 positis
790 516 830 547 ut,
848 512 874 541 si
889 512 987 542 hostis
1004 513 1131 542 circum-

140 552 245 582 venire
260 552 357 582 aciem
372 556 535 588 tentasset,
557 557 663 589 parata
684 562 804 590 pugnae
821 554 928 583 forent.
964 553 1020 584 Hic
1041 554 1129 591 Agri·
1139 558 1187 584 31,

139 595 190 624 ani
209 599 309 630 erant,
337 594 447 630 quibus
469 594 588 624 Attalus
610 599 765 631 praeerat,
792 595 942 625 adiunctis
966 595 1130 633 sagittariis

141 636 346 666 Cretensibus.
380 635 507 665 Ultimos
530 635 653 665 ordines
675 635 783 666 avertit
803 645 822 665 a
844 637 957 673 fronte,
984 641 1016 666 ut
1038 641 1130 666 totam

140 678 237 707 aciem
254 678 326 707 orbe
341 677 480 706 muniret.
503 677 596 714 Illyrii
611 676 660 706 hic
676 682 769 713 erant,
785 677 928 707 adiuncto
945 678 1038 708 milite
1053 687 1129 708 mer-

140 720 217 749 cede
236 719 397 748 conducto.
433 719 565 747 Thracas
589 727 713 755 quoque
739 718 827 748 simul
849 719 1002 750 obiecerat
1023 720 1129 749 leviter

140 765 282 791 armatos.
325 761 477 797 Adeoque
498 760 595 789 aciem
616 760 797 789 versabilem
813 760 930 797 posuit,
953 766 999 797 ut,
1017 761 1068 798 qui
1086 763 1170 791 ul—32

141 803 202 833 timi
218 803 352 838 stabant,
374 811 412 831 ne
428 801 670 837 circumirentur,
694 801 769 831 verti
784 806 883 831 tamen
906 807 935 831 et
954 802 984 831 in
1001 803 1129 832 frontem

140 843 304 880 circumagi
320 847 457 881 possent.
495 844 599 879 Itaque
615 852 675 872 non
692 842 802 880 prima,
826 852 915 880 quam
939 844 1046 881 latera,
1068 853 1128 874 non

140 887 233 916 latera
248 885 410 915 munitiora
425 885 518 919 suere,
537 893 628 921 quam
643 889 735 921 terga.

222 927 288 964 (51)
311 927 365 956 His
380 926 421 956 ita
437 926 592 962 ordinatis,
609 926 765 963 praecipit,
782 931 822 961 ut,
841 926 866 955 si
880 928 1006 956 falcatos
1020 930 1171 957 currus33

141 978 209 999 cum
225 969 343 998 fremitu
358 967 478 998 barbari
494 967 675 1003 emitterent,
695 967 764 1005 ipsi,
776 967 884 997 laxatis
901 968 1066 1004 ordinibus,
1074 968 1127 998 im—

141 1016 243 1049 petum
259 1010 474 1040 incurrentium
492 1009 611 1039 silentio
628 1009 813 1046 exciperent,
829 1009 909 1039 haud
925 1009 1045 1045 dubius,
1062 1010 1128 1040 sine

140 1061 221 1083 noxa
236 1057 476 1088 transcursuros‚
492 1051 517 1080 si
533 1059 621 1080 nemo
638 1059 672 1080 se
688 1055 872 1087 opponeret:
889 1050 935 1080 sin
949 1055 1048 1081 autem
1062 1051 1128 1081 sine

141 1094 259 1124 fremitu
281 1093 491 1128 immisissent,
519 1101 573 1122 eos
595 1092 655 1129 ipsi
677 1093 808 1121 clamore
824 1096 970 1122 terrerent
984 1093 1128 1129 pavidos-

141 1145 200 1174 que
216 1145 314 1173 equos
329 1135 398 1165 telis
412 1135 562 1171 utrimque
579 1134 776 1163 suffoderent.
812 1133 868 1169 Qui
880 1133 1023 1163 cornibus
1039 1143 1126 1171 prae·
1137 1137 1171 1164 34

140 1182 240 1214 erant,
263 1177 427 1207 extendere
443 1185 479 1206 ea
495 1175 586 1212 iussi,
608 1175 649 1205 ita
663 1179 696 1204 ut
709 1183 766 1204 nec
782 1175 1084 1212 circumvenirentur,
1102 1175 1128 1205 si

139 1219 233 1249 artius
250 1222 372 1254 starent,
388 1226 444 1247 nec
460 1222 558 1247 tamen
575 1217 708 1246 ultimam
720 1216 816 1246 aciem
833 1217 1031 1247 exinanirent.
1069 1218 1125 1246 Im-
1136 1219 1170 1246 35

140 1261 313 1299 pedimenta
330 1268 397 1289 cum
413 1258 556 1296 captivis,
580 1258 657 1288 inter
673 1266 750 1295 quos
766 1262 860 1288 mater
875 1258 1023 1295 liberique
1038 1258 1128 1289 Darei

140 1302 403 1337 custodiebantur,
424 1301 506 1330 haud
528 1300 634 1337 procul
649 1299 715 1329 acie
729 1299 759 1328 in
775 1300 855 1329 edito
872 1301 949 1330 colle
965 1300 1127 1337 constituit,

140 1344 260 1374 modico
276 1342 430 1381 praesidio
446 1341 561 1372 relicto.
594 1342 728 1371 Laevum
745 1349 847 1377 cornu,
866 1341 944 1371 sicut
958 1342 1042 1378 alias,
1058 1342 1126 1371 Par-

140 1385 271 1416 menioni
288 1385 432 1415 tuendum
448 1385 565 1413 datum:
582 1383 651 1420 ipse
666 1383 695 1412 in
712 1383 819 1413 dextro
837 1384 943 1413 stabat.

223 1427 363 1457 Nondum
379 1427 417 1455 ad
433 1427 542 1455 iactum
557 1425 607 1454 teli
623 1429 839 1462 pervenerant,
861 1433 953 1462 quum
967 1425 1043 1454 Bion
1061 1424 1125 1461 qui-
1135 1428 1169 1454 36

141 1471 209 1499 dam
225 1469 395 1505 transfuga,
420 1471 531 1504 quanto
547 1466 679 1496 maximo
695 1474 787 1496 cursu
803 1470 955 1503 potuerat,
971 1467 1009 1495 ad
1025 1474 1127 1503 regem

140 1511 294 1548 pervenit,
320 1509 478 1545 nuntians,
503 1508 635 1537 murices
658 1509 774 1538 ferreos
790 1507 819 1537 in
835 1512 944 1537 terram
970 1507 1129 1537 defodisse

139 1554 278 1588 Dareum,
303 1560 363 1589 qua
383 1551 500 1581 hostem
526 1550 644 1587 equites
672 1549 852 1579 emissurum
878 1557 948 1579 esse
974 1549 1126 1584 credebat,

140 1598 337 1630 notatumque
353 1597 435 1622 certo
452 1592 539 1629 signo
556 1593 665 1628 locum,
680 1595 713 1621 ut
728 1591 810 1621 fraus
825 1590 931 1620 evitari
946 1599 963 1619 a
978 1590 1042 1620 suis
1055 1599 1127 1627 pos—

142 1640 196 1666 set.
231 1634 394 1664 Asservari
409 1634 565 1671 transfuga
579 1633 674 1668 iusso,
698 1633 791 1662 duces
811 1636 974 1662 convocat:
1002 1631 1125 1668 exposi-
1135 1633 1168 1661 3⁷
1213 1644 1215 1647 ·

140 1682 243 1714 toque,
259 1676 341 1714 quod
356 1675 523 1705 nuntiatum
539 1679 616 1711 erat,
631 1678 748 1709 monet,
763 1678 796 1704 ut
810 1673 963 1711 regionem
979 1677 1114 1703 monstra

139 1723 199 1748 tam
216 1717 368 1748 declinent
382 1717 576 1754 equitemque
591 1715 759 1753 periculum
775 1715 933 1745 edoceant.
