1215 1895
88 80 130 112 86
434 80 468 117 o.
491 66 647 111 cUR‘rn
667 81 777 111 nul-*1

89 164 156 185 rum
171 153 381 185 cacuminibus
396 159 483 184 extra
497 154 548 184 teli
563 154 675 184 iactum
689 155 811 185 barbari
827 156 962 194 stabant,
977 157 1016 187 de
1031 156 1075 186 in-

90 196 207 227 dustria
223 195 316 233 quieti
332 199 362 225 et
377 196 560 232 paventibus
579 196 710 232 similes,
734 197 833 226 donec
855 197 884 226 in
907 198 1077 228 artissimas

90 240 194 268 fauces
211 241 384 274 penetraret
398 245 516 274 agmen.
539 238 626 274 Quod
638 237 688 267 ubi
703 242 879 275 contemptu
891 238 939 268 sui
949 247 1077 276 pergere
1087 245 1120 271 18
1164 253 1167 257 ·

89 280 209 315 vident,
226 283 287 308 tum
300 287 374 308 vero
390 278 521 316 ingentis
537 279 752 316 magnitudinis
770 288 845 309 saxa
860 288 916 317 per
930 280 1078 310 montium

89 329 189 359 prona
204 321 386 356 devolvunt,
403 329 482 357 quae
497 320 623 350 incussa
638 321 763 358 saepius
779 321 1008 351 subiacentibus
1023 331 1076 359 pe-

90 362 144 392 tris
159 361 274 391 maiore
289 361 319 391 vi
334 361 509 391 incidebant
523 370 581 392 nec
596 361 735 399 singulos
750 363 857 397 modo,
879 364 935 393 sed
957 364 1078 400 agmina

89 404 294 441 proterebant.
334 403 450 433 Fundis
472 412 597 441 quoque
618 403 742 433 excussi
766 404 884 441 lapides
900 409 930 434 et
951 405 1079 442 sagittae
1087 410 1119 437 19

88 444 226 482 undique
247 445 471 482 ingerebantur.
510 446 572 475 Nec
594 444 626 475 id
640 445 841 476 miserrimum
859 446 987 476 fortibus
1005 446 1076 476 viris

90 491 162 521 erat,
176 487 232 516 sed
248 487 331 524 quod
346 487 440 522 inulti,
457 487 539 524 quod
556 488 686 517 ferarum
698 487 766 522 ritu,
781 488 864 518 velut
876 488 906 517 in
920 489 1009 518 fovea
1024 489 1076 518 de—

89 528 245 566 prehensi,
260 529 468 558 caederentur.
491 530 538 557 Ira
552 529 642 565 igitur
654 529 682 558 in
699 528 814 559 rabiem
828 538 928 566 versa,
945 529 1119 560 eminen-2o

89 570 130 599 tia
146 578 221 599 saxa
236 570 404 606 complexi,
425 574 458 600 ut
473 571 512 600 ad
527 570 646 600 hostem
661 570 869 608 pervenirent,
892 571 970 601 alius
985 571 1076 601 alium

89 612 227 641 levantes
244 612 431 642 conabantur
446 613 623 642 ascendere.
666 613 709 641 Ea
725 612 793 649 ipsa
808 614 968 643 multorum
987 612 1075 642 simul

87 652 229 682 manibus
251 657 392 690 correpta
412 658 442 683 et
463 655 612 683 convulsa
632 653 662 683 in
678 662 748 689 eos,
772 654 823 691 qui
840 659 1074 690 commoverant,

87 693 275 724 recidebant.
303 694 364 724 Nec
380 699 460 724 stare
476 704 549 732 ergo
566 700 707 732 poterant
722 704 778 725 nec
794 695 856 732 niti,
874 705 912 726 ne
924 696 1115 726 testudinem

90 735 211 773 quidem
225 735 352 773 protegi,
367 745 460 773 quum
471 740 573 767 tantae
585 737 673 767 molis
688 746 780 767 onera
791 739 998 775 propellerent
1008 738 1075 767 bar-

88 777 164 807 bari.
198 778 313 814 Regem
329 787 388 808 non
406 779 494 808 dolor
508 779 608 814 modo,
625 779 681 808 sed
698 779 787 809 etiam
803 779 903 816 pudor
917 784 1029 809 temere
1044 780 1073 808 in

89 818 156 848 illas
172 819 328 856 angustias
344 819 432 849 eiecti
449 820 601 850 exercitus
613 821 752 857 angebat.
776 820 909 850 Invictus
924 825 994 850 ante
1009 829 1076 850 eam
1084 826 1117 851 22

88 860 169 889 diem
190 861 301 897 fuerat,
328 860 400 890 nihil
423 862 534 892 frustra
557 870 667 891 ausus:
692 861 816 899 impune
831 861 953 892 Ciliciae
969 863 1074 892 fauces

89 901 266 937 intraverat,
287 911 369 932 mare
392 912 516 940 quoque
531 912 644 933 novun]
660 903 688 932 in
704 903 911 941 Pamphyliam
933 904 988 933 iter
1003 912 1073 941 ape-

87 948 203 973 ruerat:
220 948 290 974 tunc
306 944 474 975 haesitabat
489 945 683 982 deprehensa
698 945 840 980 felicitas,
858 953 915 974 nec
930 945 1010 975 aliud
1027 954 1073 975 re-

86 985 220 1015 medium
235 990 307 1022 erat,
325 995 415 1024 quam
428 987 548 1022 reverti,
565 995 625 1023 qua
642 991 774 1016 venerat.
803 987 909 1023 Itaque
925 986 1012 1023 signo
1028 991 1115 1017 re-23

88 1027 190 1064 ceptui
216 1027 302 1064 dato,
329 1028 463 1058 densatis
489 1028 647 1058 ordinibus
674 1027 832 1065 scutisque
856 1036 950 1065 super
975 1028 1074 1064 capita

87 1068 254 1105 consertis,
275 1074 356 1100 retro
378 1071 508 1100 evadere
531 1079 568 1099 ex
589 1069 738 1107 angustiis
760 1069 850 1099 iubet.
891 1070 972 1099 XXX
988 1071 1071 1099 suere

88 1110 196 1146 stadia,
214 1119 292 1148 quae
307 1112 439 1142 remensi
455 1117 534 1141 sunt.

516 1180 608 1209 CAP.
638 1181 688 1209 lv.

165 1236 231 1272 (13)
243 1237 316 1266 Tum
329 1237 436 1267 castris
448 1238 585 1274 undique
596 1242 702 1275 aperto
715 1239 783 1268 loco
797 1238 916 1275 positis,
928 1247 987 1268 non
1002 1246 1074 1268 con—
1085 1243 1099 1268 1

87 1278 200 1308 sultare
214 1279 315 1315 modo,
333 1279 406 1316 quid
420 1280 571 1316 agendum
587 1284 685 1314 esset,
706 1280 761 1309 sed
776 1284 862 1309 vates
879 1288 1004 1317 quoque
1018 1280 1070 1309 ad-

85 1319 190 1349 hibere
206 1320 308 1357 eoepit
322 1329 340 1350 a
355 1321 571 1357 superstitione
587 1321 687 1350 animi.
711 1321 773 1351 Sed
790 1321 862 1358 quid
875 1326 936 1351 tum
951 1320 1071 1358 praedi·
1083 1325 1100 1351 2

86 1369 157 1391 cere
164 1361 350 1397 Aristander,
360 1362 408 1391 cui
421 1362 581 1399 plurimum
594 1363 738 1392 credebat
747 1371 786 1392 ex
796 1362 924 1399 vatibus,
934 1366 1072 1400 poterat?

85 1403 191 1439 Itaque
206 1403 355 1433 damnatis
370 1403 593 1440 intempestivis
609 1404 784 1439 sacrificiis,
802 1404 918 1441 peritos
933 1405 1070 1433 locorum

86 1445 251 1474 convocari
266 1445 356 1476 iubet..
378 1445 434 1475 Per
448 1445 578 1475 Mediam
591 1445 646 1475 iter
658 1446 860 1476 ostendebant
875 1450 969 1475 tutum
983 1453 1069 1482 aper‘

85 1490 225 1523 tumque:
242 1487 298 1516 sed
313 1495 367 1516 rex
386 1487 529 1517 deserere
547 1487 656 1517 milites
672 1487 842 1524 insepultos
859 1487 1069 1522 erubescebat,
1081 1491 1097 1515 3

85 1526 126 1557 ita
141 1528 250 1558 tradito
265 1537 364 1563 more,
385 1533 417 1558 ut
438 1529 489 1558 vix
505 1531 597 1559 ullum
612 1528 734 1558 militiae
749 1533 808 1558 tam
825 1530 972 1558 sollemne
987 1531 1070 1557 esset

84 1577 204 1603 munus,
225 1579 315 1606 quam
331 1570 475 1600 humandi
487 1579 571 1600 suos.
616 1570 758 1607 Captivos
774 1578 862 1606 ergo,
880 1578 958 1607 quos
973 1577 1070 1606 nuper
1081 1573 1097 1599 4

85 1616 263 1647 exceperat,
287 1612 391 1641 vocari
407 1611 504 1642 iubet:
524 1612 603 1642 inter
619 1620 698 1649 quos
713 1616 777 1641 erat
793 1611 915 1648 quidam
933 1610 1069 1640 Graecae

83 1651 288 1690 Persicaeque
304 1652 425 1690 linguae
441 1653 573 1691 peritus,
590 1653 642 1691 qui
659 1654 769 1683 frustra
783 1661 852 1683 eum
867 1652 896 1682 in
912 1651 1067 1681 Persidem

85 1693 231 1724 montium
246 1694 339 1724 dorso
355 1695 521 1725 exercitum
536 1695 650 1725 ducere
664 1695 807 1724 affirmat:
824 1694 982 1723 silvestres
997 1701 1069 1723 esse
