1215 1905
177 107 250 136 LIB.
267 107 314 136 tx.
339 106 421 136 CAP.
438 107 457 141 1,
478 106 646 136 15—CAP.
664 107 698 143 11,
717 112 739 136 1.
756 117 805 143 [ix.
824 117 881 138 3-7.
904 117 942 142 ΖΑ]
1016 105 1077 137 217

41 189 75 216 27
84 184 205 222 specie,
233 183 304 220 quia
320 182 427 212 eadem
448 182 624 211 aestimatur
647 181 676 210 in
700 181 813 211 liberis.
856 180 953 211 Huius
977 181 1079 218 gentis

85 225 248 263 oppidum,
272 224 321 254 cui
337 224 512 253 Alexander
534 224 710 253 admoverat
732 223 853 260 copias,
881 223 918 252 ab
935 223 1004 260 ipso
1021 223 1076 252 So-

83 268 168 304 pithe
184 266 384 296 obtinebatur.
427 265 555 294 Clausae
571 269 656 294 erant
672 270 788 302 portae,
806 265 861 294 sed
877 265 950 294 nulli
967 265 996 294 in
1012 273 1076 294 mu—

83 309 126 338 ris
142 309 337 345 turribusque
353 315 387 337 se
402 307 507 336 armati
524 307 741 342 ostendebant,
763 307 1002 343 dubitu):111tque
1013 307 1075 335 Ma-

84 351 233 385 cedones,
256 349 468 379 deseruissent
484 349 589 378 urbem
606 348 739 381 incolae,
757 356 795 377 an
812 349 918 377 fraude
934 356 968 377 se
985 356 1078 378 occu-

41 393 194 422 281erent=
226 399 332 428 quum,
363 390 462 420 subito
495 391 645 427 patefacta
675 394 777 427 porta,
807 398 861 419 rex
884 390 978 419 lndus
1008 397 1076 419 eum

84 434 206 463 duobus
222 432 333 462 adultis
350 432 418 462 filiis
435 431 581 466 occurrit,
604 433 729 461 multum
751 431 828 461 inter
843 440 950 461 omnes
966 431 1069 460 barba-

41 479 134 506 ·29ros
151 475 288 504 eminens
306 473 444 511 corporis
461 473 576 510 specie.
621 473 725 502 Vestis
748 478 812 502 erat
833 482 907 502 auro
925 481 1075 510 purpura-

84 525 144 552 que
170 516 326 552 distincta‚
358 524 436 552 quae
463 515 552 545 etiam
579 523 667 544 crura
693 515 828 544 velabat:
858 515 959 544 aureis
981 514 1075 544 soleis

83 558 252 587 inseruerat
268 566 419 594 gemmas:
450 556 554 586 lacerti
577 565 700 593 quoque
716 561 745 585 et
766 556 890 585 brachia
906 556 1075 592 margaritis

42 603 191 630 soornata
207 604 300 629 erant.
344 599 519 628 Pendebant
533 606 571 627 ex
587 598 712 627 auribus
734 597 870 634 insignes
892 598 1025 627 candore
1047 602 1075 627 et

83 641 290 678 magnitudine
314 641 415 678 lapilli.
454 641 600 669 Baculum
625 648 748 669 aureum
774 640 882 677 berylli
909 639 1075 675 distingue

82 683 170 712 bant:
199 692 260 719 quo
278 683 385 712 tradito
403 686 554 718 precatus,
584 686 616 710 ut
632 690 744 718 sospes
761 681 922 717 acciperet,
953 689 986 710 se
1003 681 1072 709 libe-

82 733 198 761 rosque
214 729 243 754 et
258 730 378 761 gentem
395 732 480 753 suam
497 723 621 752 dedidit.

40 770 72 796 31
165 766 210 802 (6)
243 766 367 794 Nobiles
395 766 432 794 ad
457 765 628 794 venandum
645 772 737 793 canes
753 763 781 792 in
799 771 834 792 ea
850 764 974 800 regione
991 768 1075 793 sunt:

83 808 191 836 latratu
211 807 365 836 abstinere
382 807 531 840 dicuntur,
548 815 640 842 quum
657 805 798 834 viderunt
814 806 917 839 seram,
935 804 1076 834 leonibus

40 852 74 879 32
82 848 213 877 maxime
229 848 339 877 infesti.
382 848 497 876 Horum
514 847 573 876 vim
588 852 621 876 ut
637 847 811 876 ostenderet
826 846 1019 881 Alexandro,
1046 846 1075 874 in

83 894 235 926 conseptu
252 891 370 919 leonem
387 889 516 919 eximiae
532 888 749 924 magnitudinis
765 887 854 917 iussit
870 887 963 917 emitti
985 892 1015 916 et
1036 888 1077 916 IV

82 931 205 960 omnino
231 931 388 961 admoveri
415 938 523 965 canes,
552 930 604 966 qui
630 929 768 959 celeriter
790 931 883 958 feram
903 937 1076 965 occupave-

82 977 159 1002 runt.
204 973 277 1001 Tum
305 981 344 1001 ex
369 972 426 1006 his,
455 973 504 1008 qui
531 976 731 1000 assueverant
756 971 865 1000 talibus
891 970 1078 1006 ministeriis,

82 1023 161 1043 unus
177 1014 262 1043 canis
286 1014 365 1043 leoni
389 1021 457 1042 cum
479 1014 546 1042 aliis
572 1012 758 1042 inhaerentis
783 1020 853 1041 crus
879 1013 1012 1041 avellere
1038 1017 1078 1048 et,

40 1055 154 1092 asquia
169 1064 229 1085 non
248 1056 448 1091 sequebatur,
478 1056 556 1084 ferro
578 1059 736 1091 amputare
752 1054 868 1090 eoepit:
895 1062 933 1082 ne
950 1053 994 1083 sie
1011 1053 1077 1090 qui-

82 1097 151 1126 dem
168 1097 337 1133 pertinacia
355 1096 442 1131 victa,
471 1104 578 1125 rursus
600 1096 690 1125 aliam
712 1100 826 1132 partem
843 1103 950 1124 secare
971 1095 1078 1124 institit

82 1143 113 1168 et
128 1139 198 1168 inde
215 1147 274 1168 non
292 1138 417 1174 segnius
433 1139 640 1167 inhaerentem
661 1138 741 1168 ferro
765 1137 896 1166 subinde
918 1137 1078 1166 caedebat.

81 1181 135 1209 llle
151 1180 180 1209 in
196 1182 323 1209 vulnere
339 1181 422 1209 serae
437 1180 544 1209 dentes
561 1179 761 1208 moribundus
779 1187 903 1215 quoque
918 1178 1076 1207 infixerat-

82 1226 194 1251 tantam
210 1221 239 1251 in
256 1222 314 1251 illis
331 1221 510 1250 animalibus
526 1222 564 1250 ad
580 1221 751 1250 venandum
775 1220 970 1257 cupiditatem
992 1219 1075 1256 inge*

40 1267 73 1293 34
81 1271 209 1293 nerasse
224 1268 362 1293 naturam
377 1263 542 1292 memoriae
557 1262 710 1299 proditum
726 1267 780 1291 est.
824 1261 974 1298 Equidem
990 1262 1078 1298 plura

82 1304 264 1339 transcribo,
294 1313 385 1341 quarn
402 1305 510 1334 credo:
537 1312 606 1333 nam
622 1312 679 1333 nee
695 1304 846 1333 affirmare
863 1303 1011 1338 sustineo,
1039 1303 1078 1331 de

40 1349 74 1376 35
83 1346 194 1382 quibus
211 1346 331 1380 dubito,
349 1354 405 1375 nec
421 1346 609 1381 subducere,
633 1354 712 1382 quae
728 1345 844 1381 accepi.
886 1344 1005 1374 Relicto
1022 1345 1072 1381 igi<

81 1392 129 1417 tur
145 1388 274 1425 Sopithe
289 1388 318 1417 in
337 1397 392 1417 suo
408 1396 518 1424 regno,
545 1388 584 1416 ad
607 1387 732 1416 fluvium
753 1386 892 1424 Hypasin
915 1385 1078 1423 processit,

82 1430 319 1466 Hephaestione,
350 1429 401 1466 qui
431 1429 584 1458 diversam
614 1428 769 1465 regionem
799 1429 972 1464 subegerat,
1005 1435 1071 1456 con-

40 1470 193 1501 36iuneto.
236 1471 376 1507 Phegeus
392 1475 457 1500 erat
471 1470 569 1507 gentis
586 1470 743 1507 proximae
758 1478 827 1498 rex:
859 1469 920 1506 qui,
949 1469 1077 1505 popula-

82 1511 168 1542 ribus
185 1512 249 1542 suis
267 1514 368 1542 colere
384 1520 484 1548 agros,
506 1517 539 1541 ut
553 1516 763 1547 assueverant,
779 1511 882 1546 iussis,
898 1510 1077 1539 Alexandro

84 1561 152 1583 cum
170 1554 259 1584 donis
276 1554 415 1587 occurrit,
434 1553 516 1589 nihil,
533 1553 615 1590 quod
632 1553 803 1590 imperaret,
820 1553 1004 1582 detrectans.

471 1624 474 1628 ’
488 1622 509 1650 C
518 1622 581 1650 ΑΡ.
604 1622 639 1650 II.

55 1684 71 1709 1
164 1679 210 1715 (7)
233 1680 363 1710 Biduum
379 1681 461 1717 apud
477 1689 545 1709 eum
561 1679 695 1709 substitit
706 1687 777 1709 rex:
793 1678 881 1709 tertio
894 1678 943 1708 die
956 1686 1076 1708 amnem

84 1729 231 1758 superare
248 1722 435 1757 decreverat,
452 1722 580 1751 transitu
604 1721 758 1750 difficilem
774 1729 835 1750 non
856 1719 956 1757 spatio
977 1721 1076 1750 solum
