1215 1895
53 73 93 105 14
393 74 426 109 Q.
455 73 611 102 CURTII
639 73 746 102 RUFI

52 150 103 179 ubi
119 149 246 179 consilio
263 149 374 182 habim,
391 153 529 177 utrumne
544 148 621 177 ultra
633 149 889 185 progrediendum
903 150 988 187 soret,
1001 159 1038 180 an

51 191 92 220 ibi
108 190 289 227 opperiendi
305 193 409 219 essent
424 190 494 219 novi
511 189 630 226 milites,
647 198 724 226 quos
741 198 779 219 ex
792 191 971 220 Macedonia
986 193 1037 221 ad-

52 237 175 262 ventare
204 232 376 267 constabat,
405 231 562 261 Parmenio
592 240 653 260 non
678 232 769 261 alium
796 233 895 261 locum
921 234 1036 269 proelio

51 274 198 310 aptiorem
211 281 281 302 esse
294 273 446 302 censebat.
467 273 584 310 Quippe
596 274 655 302 illic
668 274 826 310 utriusque
839 274 919 310 regis
932 275 1037 311 copias
1050 281 1068 307 9

51 323 175 344 numero
198 316 312 345 suturas
337 323 442 351 pares,
465 323 557 351 quum
574 316 730 351 angustiae
746 315 963 345 multitudinem
978 325 1037 346 non

51 361 210 393 caperent:
234 356 387 394 planitiem
409 357 485 393 ipsis
509 365 697 393 camposque
719 365 788 386 esse
810 358 964 393 vitand05‚
987 359 1038 388 ubi

51 398 215 433 circumiri,
238 399 288 427 ubi
311 397 431 435 ancipiti
454 399 518 426 acie
535 398 664 434 opprimi
679 403 815 435 possent.
849 399 973 434 Timere,
998 409 1036 430 ne

51 449 111 469 non
127 440 236 469 virtute
252 439 392 475 hostium,
409 440 465 468 sed
480 439 659 469 lassitudine
675 448 730 469 sua
746 441 946 470 vincerentur.
968 441 1036 470 Per—

52 490 103 511 sas
125 486 264 510 recentes
282 481 410 511 subinde
427 489 644 517 successuros,
667 482 692 510 si
709 483 807 511 laxius
824 485 905 511 stare
920 483 1034 519 potuis—

54 528 130 554 sent.
153 523 176 552 F
179 523 254 553 acite
270 523 344 552 ratio
361 527 420 552 tam
436 523 566 552 salubris
581 523 698 552 consilii
714 528 839 560 accepta
855 527 909 553 est.
932 525 1037 562 ltaque
1048 530 1080 555 10

52 566 128 594 inter
143 566 300 601 angustias
317 566 411 594 saltus
427 565 546 594 hostem
563 564 696 602 opperiri
713 566 823 594 statuit.

132 607 198 643 (le)
220 607 290 636 Erat
306 607 334 635 in
351 607 485 636 exercitu
499 606 579 642 regis
598 607 722 636 Siseiies
737 607 861 636 Perses:
885 608 1036 644 quondam
1050 613 1076 638 11

50 657 67 677 a
85 653 224 685 praetore
236 649 369 686 Aegypti
385 649 497 677 missus
514 649 550 676 ad
565 649 736 684 Philippum
748 649 899 685 donisque
914 653 943 678 et
958 650 1037 678 omni

50 691 166 719 honore
196 691 293 719 cultus
321 690 442 718 exilium
471 690 568 726 patria
595 690 669 718 sede
695 694 877 718 mutaverat:
914 694 1036 720 secutus

50 732 161 760 deinde
187 731 215 760 in
237 732 342 760 Asiam
363 731 570 760 Alexandrum
596 732 672 760 inter
693 732 799 760 fideles
822 732 924 760 socIos
946 732 1036 761 habe·

51 773 144 802 batur.
173 773 250 802 Huic
271 773 431 809 epistolam
453 772 603 802 Cretensis
625 773 710 802 miles
733 773 920 808 obsignatam
936 775 1035 809 anulo,
1048 780 1080 805 12

50 815 136 844 cuius
152 814 271 850 signum
288 815 368 843 haud
384 823 459 843 sane
474 819 577 843 notum
593 819 664 849 erat,
680 814 808 843 tradidit.
832 815 1034 851 Nabarzanes,

50 859 174 892 praetor
195 857 300 889 Darei,
327 856 451 886 miserat
476 865 542 885 eam
568 856 805 892 hortabaturque
828 856 981 892 Sisenem,
1005 861 1036 886 ut

50 898 173 934 dignum
182 898 295 935 aliquid
308 898 462 927 nobilitate
472 902 562 935 atque
574 898 708 927 moribus
722 898 786 926 suis
796 897 913 926 ederet:
926 905 1035 934 magno

49 940 79 968 id
96 940 122 968 ei
138 940 220 976 apud
236 947 338 976 regem
354 939 461 968 honori
478 940 551 969 fore.
575 940 637 969 Has
653 940 765 968 litteras
779 938 914 975 Sisenes,
930 943 1035 976 utpote
1048 945 1079 971 13

48 981 207 1017 innoqus,
237 982 275 1010 ad
301 982 508 1010 Alexandrum
537 989 631 1018 saepe
661 981 779 1009 deferre
805 981 941 1010 tentavit:
979 982 1035 1010 sed

49 1031 142 1059 quum
163 1026 206 1052 tot
228 1024 308 1052 curis
336 1027 547 1060 apparatuque
575 1023 645 1051 belli
666 1030 767 1058 regem
789 1022 905 1051 videret
924 1023 1034 1059 urgeri,

49 1065 148 1101 aptius
164 1064 293 1094 subinde
309 1069 428 1101 tempus
443 1069 608 1101 expectans
621 1063 827 1100 suspicionem
840 1064 901 1092 initi
915 1064 1035 1093 scelesti

50 1107 168 1135 consilii
192 1105 339 1142 praebuit.
374 1107 510 1142 Namque
526 1105 670 1143 epistola,
692 1104 869 1142 priusquam
887 1105 913 1133 ei
928 1105 1034 1134 redde-
1046 1112 1078 1138 14

46 1151 145 1183 retur,
167 1148 196 1176 in
212 1156 320 1177 manus
336 1148 502 1177 Alexandri
524 1150 719 1184 pervenerat,
742 1148 910 1183 lectamque
925 1154 992 1175 eam
1008 1150 1037 1175 et

49 1188 142 1226 ignoti
164 1188 246 1218 anuli
267 1189 366 1226 sigillo
382 1189 532 1225 impresso
549 1188 650 1218 Siseni
666 1189 730 1216 dari
745 1188 876 1217 iusserat
890 1189 929 1216 ad
944 1188 1033 1217 aesti-

49 1231 189 1260 mandam
205 1231 296 1260 fidem
313 1231 442 1259 barbari.
473 1230 527 1267 Qui
544 1230 616 1267 quia
632 1237 686 1266 per
702 1230 874 1266 complures
891 1229 956 1258 dies
972 1237 1032 1258 non
1046 1234 1076 1258 15

49 1272 164 1302 adierat
184 1280 302 1308 regem,
325 1273 456 1301 scelesto
478 1271 606 1301 consilio
627 1279 693 1300 eam
716 1271 799 1300 visus
822 1274 869 1299 est
889 1278 1034 1307 suppres—

49 1313 130 1343 sisse
151 1317 180 1342 et
200 1314 229 1342 in
252 1314 370 1350 agmine
386 1322 403 1342 a
420 1313 614 1343 Cretensibus
637 1313 718 1341 haud
739 1312 829 1341 dubie
851 1312 938 1341 iussu
952 1312 1034 1348 regis

49 1355 171 1385 occisus
188 1359 242 1385 est.

451 1422 504 1450 CA
513 1421 542 1449 P.
566 1421 643 1449 VIII.

128 1478 195 1515 (19)
218 1479 341 1516 lamque
359 1478 465 1508 Graeci
484 1479 602 1512 milites,
627 1486 704 1514 quos
719 1477 890 1514 Thymodes
906 1485 924 1505 a
940 1476 1031 1505 Phar·
1060 1480 1071 1505 1

48 1520 162 1549 nabazo
185 1525 361 1557 acceperat,
382 1520 548 1557 praecipua
567 1528 640 1556 spes
656 1523 686 1549 et
700 1519 919 1556 propemodum
936 1518 1033 1554 unica,

47 1562 86 1590 ad
98 1562 228 1591 Dareum
241 1566 452 1598 pervenerant.
466 1563 503 1591 Hi
517 1569 702 1598 magnopere
715 1560 891 1595 suadebant,
907 1563 939 1588 ut
949 1563 1030 1588 retro
1058 1563 1074 1589 2

47 1602 143 1633 abiret
167 1604 383 1640 spatiososque
403 1604 644 1641 Mesopotamiae
665 1610 790 1639 campos
811 1604 976 1638 repeteret:
1006 1599 1032 1630 si

48 1643 80 1673 id
94 1644 254 1674 eonsilium
276 1645 446 1680 damnaret,
469 1649 499 1679 at
513 1646 562 1674 ille
579 1644 727 1674 divideret
742 1645 846 1673 saltem
861 1643 1031 1671 innumera-

47 1686 123 1716 biles
137 1686 242 1723 copias
258 1694 317 1716 neu
333 1686 390 1716 sub
401 1695 493 1716 unum
506 1687 643 1716 fortunae
657 1686 747 1715 ictum
763 1689 841 1714 totas
854 1683 933 1713 vires
947 1682 1031 1720 regni
