1215 1905
164 119 226 148 220
510 117 543 152 Q.
565 117 720 146 CURTII
742 116 850 145 RUFI

163 195 250 222 strati
261 196 336 221 sunt.
379 192 451 220 Sero
462 192 584 220 hostium
595 192 720 227 leqiones
733 198 890 219 numerare
906 192 1045 227 coepistis,
1064 196 1148 228 post—
1156 197 1191 222 24

164 242 252 271 quam
264 234 446 262 solitudinem
460 235 490 261 in
505 233 575 261 Asia
588 233 728 261 vincendo
738 232 860 267 fecistis.
904 231 996 266 Quum
1001 241 1060 268 per
1072 233 1147 263 Hel-

164 278 324 312 lespontum
331 276 547 310 naviqaremus,
556 275 592 302 de
599 275 750 310 paucitate
761 276 860 302 nostra
873 274 1061 308 coyitandum
1072 274 1132 308 fuit
1139 285 1147 303 :

165 325 243 346 nunc
257 324 309 345 nos
321 315 447 353 Scythae
457 320 625 351 sequuntur,
638 315 804 343 Bactriana
817 316 934 343 auxilia
942 318 1062 351 praesto
1073 320 1146 350 sunt,

163 359 269 388 Babae
280 357 477 393 Soqdianique
489 358 565 385 inter
579 365 630 385 nos
641 357 774 386 militant.

245 398 312 435 (10)
339 399 399 428 Nec
423 403 518 427 tamen
541 399 586 427 illi
610 398 712 426 turbae
733 397 856 431 consido.
906 397 1023 426 Vestras
1046 405 1149 426 manus
1157 402 1189 426 25

164 442 284 476 intueor,
299 443 423 469 vestram
440 441 570 468 virtutem
588 447 696 474 rerum,
717 446 790 474 quas
802 442 937 474 qesturus
951 446 1023 474 sum,
1045 439 1148 468 vadem

162 483 362 519 praedemque
382 482 482 510 habeo.
527 481 672 515 Quamdiu
689 480 832 509 vobiscum
855 481 884 508 in
904 481 967 508 acie
980 480 1068 515 stabo,
1094 488 1148 509 nec

163 525 221 554 mei
240 531 293 552 nec
317 523 439 551 hostium
463 524 609 551 exercitus
627 529 764 550 numero:
787 529 836 550 vos
854 521 938 550 modo
956 522 1068 550 animos
1079 522 1151 550 mihi

161 567 264 601 plenos
282 565 447 593 alacritatis
461 572 497 592 ac
508 564 637 598 fiduciae
655 563 797 592 adhibete.
839 562 904 591 Non
921 564 951 591 in
966 564 1064 592 limine
1074 571 1148 599 ope-
1156 567 1188 593 26

163 614 229 634 rum
243 606 432 641 laborumque
443 608 614 640 nostrorum,
627 605 681 633 sed
691 605 722 632 in
733 605 814 633 eoeitu
825 607 952 632 stamus:
963 605 1149 640 pervenimus

163 648 205 675 ad
213 649 281 676 solis
292 650 386 675 ortum
399 650 427 675 et
439 646 592 681 Oceanum,
608 646 667 674 nisi
680 646 773 674 obstat
783 646 903 681 iqnavia
912 656 921 673 :
939 645 1007 674 inde
1019 647 1147 680 victores,

162 689 323 725 perdomito
345 689 405 722 fine
430 693 586 722 terrarum,
609 690 788 716 revertemur
812 687 843 715 in
863 688 1002 723 patriam.
1045 687 1146 722 Nolite,

163 730 240 766 quod
258 730 340 766 piqri
358 730 508 764 ayricolae
527 729 654 764 faciunt,
678 731 807 757 maturos
817 728 936 763 fructus
942 737 1001 765 per
1013 729 1148 757 inertiam

163 773 294 800 amittere
311 779 326 799 e
339 771 480 799 manibus.
524 770 642 799 Maiora
661 773 729 798 sunt
743 771 884 806 periculis
895 771 1051 806 praemia:
1069 770 1148 799 dives
1156 774 1186 801 27

163 813 264 841 eadem
278 815 306 840 et
319 813 439 840 imbellis
452 816 494 840 est
509 813 599 848 reqio.
641 812 746 847 Itaque
760 819 816 840 non
830 814 888 839 tam
904 812 944 839 ad
956 812 1082 846 qloriam
1099 819 1148 840 vos

162 854 245 889 duco,
265 861 352 889 quam
367 854 577 889 adpraedam.
617 853 708 888 Diqni
724 854 798 886 estis,
819 853 870 888 qui
887 860 963 888 opes,
981 860 1055 888 quas
1073 853 1149 881 illud

161 903 244 924 mare
262 895 392 923 litoribus
410 895 524 928 invellit,
542 894 682 929 referatis
694 895 724 922 in
742 895 881 930 patriam,
901 894 991 929 diqni,
1012 894 1064 929 qui
1075 894 1148 922 nillil

161 938 355 972 inexpertum,
377 936 450 964 nihil
467 940 542 964 metu
560 937 692 964 omissum
711 936 890 971 relinquatis.
933 935 991 962 Per
1013 942 1061 963 vos
1078 936 1147 970 qlo-
1155 939 1185 965 Ξί-

162 979 294 1013 riamque
305 980 438 1011 vestram,
457 985 516 1012 qua
528 978 686 1004 humanum
701 976 856 1011 fastiqium
873 976 1023 1011 exceditis,
1033 983 1147 1012 perque

161 1023 189 1047 et
202 1027 266 1047 mea
281 1020 311 1046 in
324 1027 372 1047 vos
383 1024 409 1047 et
421 1020 450 1046 in
462 1026 507 1047 me
520 1023 616 1047 vestra
628 1019 740 1052 merita⁷
760 1017 861 1053 quibus
880 1018 978 1045 invicti
993 1018 1146 1046 contendi—

162 1068 232 1095 mus,
250 1068 301 1088 oro
318 1067 488 1096 quaesoque,
508 1068 544 1088 ne
557 1060 754 1088 humanarum
766 1067 865 1087 rerum
878 1059 1014 1087 terminos
1027 1059 1146 1087 adeun—

161 1106 216 1131 tem
239 1103 388 1130 alumnum
410 1102 684 1137 commilitonemque
707 1104 839 1134 vestrum,
864 1108 900 1129 ne
922 1100 1021 1129 dicam
1038 1107 1145 1136 reqem,

162 1143 311 1171 deseratis.
353 1143 455 1172 Cetera
476 1143 552 1171 vobis
567 1144 716 1179 imperavi,
734 1143 789 1171 ltoc
805 1149 894 1170 unum
910 1141 1059 1170 debiturus
1073 1149 1145 1170 sum.
1154 1145 1183 1171 29
1209 1153 1213 1169 =1

161 1184 198 1213 Et
216 1186 240 1213 is
257 1192 305 1213 vos
320 1192 399 1220 roqo,
420 1186 472 1220 qui
486 1185 561 1213 nihil
574 1192 702 1220 unquam
719 1184 797 1212 vobis
814 1184 971 1219 praecepi,
990 1183 1060 1218 quin
1073 1184 1146 1219 pri-

161 1234 225 1254 mus
236 1234 280 1254 me
290 1228 429 1261 periculis
444 1227 602 1261 obtulerim,
622 1227 674 1261 qui
683 1234 771 1261 saepe
781 1226 874 1254 aciem
885 1226 988 1261 clypeo
999 1232 1061 1253 meo
1075 1225 1144 1259 texi,

161 1276 197 1295 ne
215 1267 396 1302 infreqeritis
412 1269 442 1296 in
459 1268 593 1296 manibus
610 1268 682 1295 meis
688 1268 831 1303 palmam,
850 1274 909 1302 qua
926 1265 1081 1295 Hercu‘lem
1092 1265 1146 1294 Li-

161 1310 316 1344 berumque
335 1309 461 1343 Patrem,
484 1310 511 1337 si
530 1309 642 1337 invidia
663 1308 800 1343 abfuerit,
821 1307 961 1343 aequabo.
1002 1307 1077 1336 Date
1094 1307 1181 1336 hoc-⁹³0

158 1350 295 1385 precibus
307 1351 377 1378 meis
392 1354 422 1378 et
436 1351 554 1378 tandem
565 1351 735 1379 obstinatum
753 1350 896 1378 silentium
910 1350 1044 1384 rumpite.
1093 1348 1148 1377 Ubi

160 1393 202 1419 est
215 1392 263 1419 ille
284 1392 403 1426 clamor,
428 1393 592 1420 alacritatis
612 1396 724 1420 vestrae
743 1389 856 1419 index?
877 1390 927 1418 ubi
946 1391 996 1418 ille
1018 1397 1146 1419 meorum

160 1431 355 1461 Maceatmum
369 1431 485 1461 vultus?
527 1433 591 1462 Non
603 1440 728 1468 aqnosco
742 1440 805 1468 vos,
826 1432 943 1467 milites,
960 1439 1014 1460 nec
1027 1432 1148 1466 aqnosci

160 1473 259 1502 videor
271 1482 290 1501 a
302 1474 386 1502 vobis.
409 1474 525 1502 Surdas
542 1474 714 1503 iamdudum
729 1482 817 1502 aures
821 1474 910 1510 pulso
919 1483 928 1501 :
946 1480 1063 1502 aversos
1074 1473 1144 1501 ani-

160 1522 219 1543 mos
231 1518 259 1543 et
272 1515 417 1550 infractos
430 1517 562 1544 excitare
578 1524 675 1544 conor.
1212 1537 1213 1542 ,

240 1555 307 1591 (ll)
330 1556 488 1593 Quumque
505 1556 561 1592 illi,
583 1557 612 1585 in
630 1561 737 1585 terram
753 1555 895 1585 demissis
917 1554 1082 1592 capitibus,
1103 1558 1145 1583 ta-
1154 1558 1177 1584 33
1211 1569 1214 1585 i

160 1604 229 1624 cere
244 1602 486 1634 perseverarent,
507 1598 609 1627 Nescio
629 1599 709 1634 quid,
733 1597 837 1634 inquit,
859 1599 889 1626 in
910 1605 957 1626 vos
975 1596 1146 1633 imprudens

160 1638 278 1673 deliqui,
298 1640 377 1675 quod
400 1647 445 1668 me
467 1648 503 1668 ne
525 1641 633 1668 intueri
655 1640 771 1675 quidem
794 1640 877 1668 vultis
928 1638 967 1667 In
991 1638 1146 1667 solitudine

160 1679 232 1707 mihi
241 1680 340 1708 videor
351 1689 421 1708 esse.
464 1681 554 1710 Nemo
565 1681 727 1717 respondet,
741 1688 822 1709 nemo
832 1682 934 1709 saltem
944 1682 1040 1716 neqat.
1071 1678 1146 1714 Quos
1153 1682 1177 1708 32

160 1720 314 1756 alloquor?
336 1722 408 1756 quid
417 1726 513 1750 autem
525 1720 661 1758 postulo?
705 1722 836 1750 Vestram
846 1722 974 1757 ,qloriam
988 1724 1016 1750 et
1026 1721 1144 1756 maani-
