1215 1895
0 916 4 935 l

0 999 5 1024 )

153 75 223 104 LlB.
240 75 277 104 V.
295 74 376 104 CAP.
392 74 444 111 Vl,
460 74 630 105 14—CAP.
643 75 708 111 vll,
726 78 765 104 12.
785 85 823 111 [VI
835 85 920 108 21-28.
936 85 977 111 z.]
1043 74 1086 106 95

62 157 80 183 4
91 159 220 189 quorum
236 150 327 180 urbes
342 149 463 179 barbari
478 149 644 179 delessent.
675 149 766 179 Ebrio
783 153 884 180 scorto
901 149 940 179 de
956 154 1038 180 tanta
1050 159 1083 179 re

91 191 199 223 serenti
215 191 396 223 sententiam
412 199 491 221 unus
506 194 537 220 et
551 191 641 227 alter,
663 195 693 220 et
707 190 767 228 ipsi
782 199 865 221 mero
879 192 1011 227 onerati,
1033 200 1081 221 as—

91 233 273 265 sentiuntur.
314 234 382 263 Rex
402 240 527 270 quoque
548 232 668 262 avidior
689 232 758 268 suit,
786 241 877 270 quam
903 233 1080 271 patientior:

92 277 167 312 Quin
190 277 281 313 iqitur
302 276 471 305 ulciscimur
494 275 651 304 Graeciam
672 279 701 304 et
721 275 790 304 urbi
807 275 895 311 faces
910 274 1082 306 subdimus?

60 323 77 350 ὁ
90 318 202 348 Omnes
218 317 405 347 incaluerant
419 324 518 346 mero:
540 316 642 353 itaque
664 321 793 353 surgunt
815 317 970 347 temulenti
985 318 1025 347 ad
1037 317 1082 346 in-

91 360 282 390 eendendam
303 359 423 392 urbem,
447 358 496 387 cui
518 358 624 388 armati
639 363 852 396 pepercerant.
893 359 1010 389 Primus
1025 367 1082 389 rex

91 402 190 439 ignem
205 401 307 438 regiae
322 400 434 436 iniecit,
448 405 508 429 tuni
525 399 676 430 convivae
690 405 720 430 et
735 400 863 430 ministri
878 400 1079 439 pellicesque.

89 443 183 473 Multa
209 442 300 472 cedro
328 441 490 472 aedificata
510 446 574 471 erat
595 441 694 479 regia:
722 451 816 479 qnae,
845 443 984 472 celeriter
1009 443 1080 481 igne

60 490 77 516 6
90 489 256 522 concepto,
277 485 335 514 late
352 483 427 513 rudit
442 483 625 513 incendium.
670 484 758 520 Quod
773 484 825 513 nbi
842 485 1010 521 exercitus,
1029 485 1078 522 qui

90 527 170 556 haud
182 527 290 563 procul
306 526 380 556 urbe
397 526 553 560 tendebat,
571 525 748 562 conspexit,
773 526 927 556 fortuitum
942 531 1025 557 ratus
1040 527 1079 556 ad

59 573 75 600 7
89 576 179 606 opem
202 568 355 598 serendam
377 567 538 597 concurrit.
582 567 645 597 Sed
665 572 697 597 ut
717 568 756 597 ad
779 568 961 598 vestibulum
976 569 1079 605 regiae

88 614 212 640 ventum
234 614 294 645 est,
316 609 421 639 vident
440 618 544 646 regem
568 609 669 646 ipsum
690 610 791 640 adhuc
806 615 1001 647 aggerentem
1017 610 1077 647 lgni

89 653 181 682 laces.
207 651 327 681 Omissa
340 651 437 688 igitur,
455 660 545 688 quam
558 656 762 688 portaverant,
779 660 869 689 aqua,
885 653 1001 682 aridam
1017 661 1065 681 ina

89 693 193 724 teriem
209 693 237 723 in
255 693 428 723 incendium
444 693 544 723 iacere
557 698 734 731 coeperunt.

58 742 74 766 fl
170 734 237 771 (Q)
259 735 347 764 Hunc
363 735 478 765 exitum
493 735 598 764 habuit
619 735 702 772 regia
724 735 816 766 totius
833 736 975 772 orientis,
997 737 1079 766 unde

88 782 130 807 tot
146 781 253 814 gentes
274 781 364 806 antea
385 776 451 806 iura
472 777 631 813 petebant,
654 777 752 814 patria
769 781 813 807 tot
826 786 947 815 regum,
968 778 1078 808 unicus

88 819 242 856 quondam
257 817 404 848 Graeciae
420 823 530 854 terror,
546 818 650 848 molita
667 818 747 848 mille
763 819 884 849 navium
902 821 1034 850 classem
1049 824 1078 848 et

87 860 255 896 exercitus,
279 859 389 897 quibus
404 860 529 897 Europa
544 859 690 890 inundata
705 865 768 896 est,
792 862 986 892 contabulato
1003 860 1078 891 mari

86 902 216 932 molibus
233 901 446 939 perfossisque
462 901 631 938 montibus,
647 902 676 931 in
694 911 823 940 quorum
838 912 952 941 specus
970 904 1077 934 fretum

57 949 74 975 9
87 944 256 974 immissum
271 948 326 974 est.
356 945 401 973 Ac
418 952 455 973 ne
471 949 531 974 tam
546 945 638 981 longa
654 944 777 982 quidem
793 950 906 982 aetate,
929 954 1008 983 quae
1025 954 1076 975 ex-

87 986 198 1016 cidium
221 985 287 1016 eius
309 990 415 1016 secuta
430 990 490 1020 est,
513 986 690 1016 resurrexit.
733 987 819 1017 Alias
834 989 926 1017 urbes
942 988 1078 1018 habuere

84 1027 287 1058 Macedonum
302 1035 406 1065 reges,
424 1036 501 1065 quas
517 1036 598 1057 nunc
613 1028 726 1058 habent
739 1028 856 1059 Parthi:
877 1029 968 1059 huius
986 1030 1075 1059 vesti-

86 1069 167 1107 gium
183 1077 244 1099 non
258 1069 451 1104 inveniretur,
468 1069 527 1099 nisi
542 1071 662 1109 Araxes
675 1070 772 1100 amnis
786 1071 972 1101 ostenderet.
988 1071 1077 1100 Haud
1100 1076 1103 1077 ’

87 1112 194 1148 procul
216 1111 377 1141 moenibus
399 1110 544 1140 fluxerat:
568 1111 638 1141 inde
660 1113 766 1142 urbem
789 1112 885 1143 fuisse
900 1113 954 1142 XX
968 1112 1076 1143 stadiis

45 1153 248 1184 lodistantem
264 1153 392 1182 credunt
412 1152 508 1190 magis
531 1162 622 1190 quam
644 1154 745 1184 sciunt
762 1155 897 1184 accolae.
940 1154 1077 1184 Pudebat

85 1195 286 1231 Macedones,
309 1199 367 1224 tam
389 1195 577 1231 praeclaram
594 1196 699 1225 urbem
714 1204 733 1225 a
748 1196 987 1227 comissabundo
1003 1204 1076 1233 rege

87 1237 216 1267 deletam
233 1245 311 1267 esse.
336 1237 441 1273 Itaque
451 1245 502 1266 res
518 1237 547 1266 in
561 1237 673 1267 serium
685 1246 776 1268 versa
790 1243 846 1275 est,
863 1243 892 1268 et
906 1238 1077 1276 imperave-

87 1283 155 1308 runt
170 1278 237 1314 sibi,
253 1282 286 1308 ut
300 1279 468 1314 crederent,
485 1278 535 1309 illo
549 1279 742 1317 potissimum
754 1280 846 1310 modo
860 1280 957 1311 fuisse
972 1281 1075 1310 delen-

47 1325 76 1351 11
86 1321 164 1350 dam.
187 1321 298 1358 Ipsum,
316 1325 349 1351 ut
362 1320 491 1358 primum
507 1326 664 1358 gravatam
676 1322 823 1352 ebrietate
838 1327 968 1352 mentem
986 1322 1074 1360 quies

85 1362 231 1398 reddidit,
258 1362 450 1399 poenituisse
465 1367 586 1394 constat
601 1367 632 1394 et
646 1363 778 1400 dixisse,
801 1364 934 1394 maiores
956 1373 1075 1401 poenas

85 1404 194 1435 Persas
207 1403 332 1434 Graecis
348 1405 474 1434 daturos
496 1404 607 1440 fuisse,
630 1405 657 1436 si
672 1405 773 1444 ipsum
788 1406 818 1436 in
834 1406 913 1436 solio
929 1406 1077 1443 regiaque

0 1439 2 1451 '
46 1445 193 1476 mXerxis
201 1445 384 1483 conspicere
397 1446 616 1478 coaetiessent.
630 1447 757 1479 Postero
771 1448 820 1478 die
827 1448 934 1487 Lycio,
949 1447 1076 1484 itineris,

87 1495 147 1524 quo
164 1487 318 1517 Porsfflem
334 1488 511 1524 intraverat,
528 1488 612 1524 duci,
628 1490 710 1520 XXX
724 1491 836 1520 talenta
852 1491 935 1521 dono
951 1490 1042 1520 dedit.

168 1528 245 1558 Hinc
260 1529 290 1559 in
306 1529 461 1567 regionem
475 1530 595 1561 Mediae
610 1531 743 1564 transiit,
763 1532 814 1562 ubi
830 1533 1076 1570 supplementum

84 1579 235 1603 novorum
249 1580 268 1601 e
284 1571 386 1601 Cilicia
400 1571 527 1604 militum
547 1573 686 1604 occurrit.
729 1574 866 1604 Peditum
888 1579 973 1605 erant
988 1574 1075 1612 quin-

85 1622 146 1652 que
159 1613 251 1649 milia,
267 1613 387 1651 equites
403 1614 499 1644 mille:
514 1614 653 1652 utrisque
664 1615 769 1646 Platon
778 1616 943 1647 Athenien-
976 1623 1057 1669 ἓξὲξ.)

85 1655 130 1686 sis
144 1660 293 1704 praeerat.
335 1655 389 1686 His
405 1655 505 1694 copiis
526 1661 634 1687 auctus
650 1658 781 1688 Dareum
796 1658 941 1697 persequi
958 1674 1072 1720 ΟιΜῆῑἭ

86 1702 196 1728 statuit.
987 1713 993 1719 ·
1028 1701 1047 1724 ²·
