1210 1895
453 82 681 108 PRAEFATlo.
1032 88 1085 106 xvu

48 160 146 186 tamen,
162 161 221 179 num
238 154 382 179 Alexandro
402 158 451 178 tam
469 151 603 176 temeraria
620 152 696 176 tribui
714 152 793 184 possit
816 152 952 179 sententia,
976 155 1002 174 ut
1022 150 1084 174 deos

49 190 114 214 dicat
133 189 192 213 satia
211 190 336 213 destinata
355 189 403 212 sibi
420 187 567 212 concedexe.
601 187 653 210 lam
671 194 731 211 vero
749 187 849 215 remisit,
869 185 984 217 quamvis
1003 185 1083 208 incer-

47 229 88 248 tae
106 224 138 247 ait
155 224 319 252 auctoritatis,
338 223 412 254 plane
430 220 600 246 necessarium
619 220 681 245 milii
700 221 808 246 videtur.
828 220 892 245 Num
911 219 1012 244 tandem
1023 218 1084 243 Cur-

48 259 118 286 tium,
138 265 214 288 quum
234 265 293 282 mox
311 256 485 282 Aristandrum
497 256 674 286 supervenisse
684 259 707 278 et
720 255 785 279 laeta
798 259 856 279 exta
867 255 1024 279 renuntiasse
1033 258 1083 277 tra-

48 292 99 319 dat,
113 292 257 324 putabimus
268 295 341 315 autea
350 298 400 315 non
411 297 536 320 narrasse,
550 289 633 314 abisse
644 297 699 314 eum
711 289 751 313 vel
764 290 896 313 remissum
907 297 920 313 a
934 296 994 321 rege
1005 295 1061 312 esse
1071 288 1082 311 ἶ)

0 337 4 346 =
47 326 142 350 Deinde
160 330 251 355 autem,
271 326 319 349 uisi
337 325 453 349 adiicitur
471 324 573 354 remisit,
592 323 728 348 Alexandri
746 325 808 348 ratio
829 328 851 348 et
868 323 991 348 calliditas
1008 322 1082 354 plane

48 368 96 384 uon
116 365 198 392 potest
216 360 325 392 perspici
343 367 390 383 nec
406 360 455 387 ita,
472 362 499 382 ut.
517 358 634 388 decebat,
655 365 670 382 a
691 357 776 383 Curtio
795 358 929 390 detegitur.
963 357 1081 381 Vidimus

47 402 136 426 supra,
166 394 337 418 Alexandrum
355 394 407 417 vati
426 393 619 425 suppeditasse,
650 393 719 424 quod
736 393 766 416 ab
785 400 815 417 eo
832 391 978 424 responderi
995 391 1080 415 vellet.

47 430 69 452 la
87 434 184 458 tamen,
209 429 283 453 nimis
302 427 493 460 obstupefactus
513 431 536 451 et
556 427 691 455 attonitus,
721 434 771 451 nou
788 428 873 451 statim
889 426 1018 458 perspexit
1035 434 1080 449 vo-

46 463 166 487 luntatem
184 464 252 495 regia
268 470 315 487 uec
332 463 374 490 ita,
394 466 420 485 ut
438 462 558 493 debebat,
577 461 715 493 respondit.
753 462 808 490 Qua
831 469 858 485 re
876 466 978 485 coactus
997 461 1081 484 remit-

47 498 74 521 iit
93 505 150 522 eum
168 497 312 522 Alexander
329 497 362 520 ad
386 496 523 528 repetenda
546 496 668 520 sacrificia
687 495 812 526 simulque
830 495 942 520 felicitati
961 502 1023 518 suae
1042 495 1080 518 iu-

46 532 87 555 bet
106 531 243 556 confidere:
263 532 324 555 deos
344 530 410 555 enim
427 531 563 554 concedere
580 530 628 554 sibi
646 529 671 553 h.
693 538 714 554 e.
735 531 757 554 si
771 537 837 554 nova
853 529 987 554 instituerit
999 536 1080 559 sacra,

3 567 6 570 ’
46 565 107 590 deos
126 565 191 590 laeta
210 569 268 590 exta
287 566 390 590 daturos
410 572 474 588 esse.
517 564 581 588 Tum
600 565 701 588 demum
720 568 790 589 vates
819 564 886 596 regis
911 567 1020 587 mentem
1039 570 1069 587 ca

4 600 5 603 ’
46 600 82 632 pit
100 607 210 632 moxque
228 600 382 632 supervenit,
395 600 521 627 nuntians,
535 606 599 629 quae
613 598 714 622 volebat
729 598 872 623 Alexander
885 598 981 622 audire.
1011 597 1080 627 Quae

45 642 122 665 quum
145 635 181 659 ita
205 635 268 663 sint,
299 634 336 658 ad
352 635 404 658 alia
424 633 519 657 mutavi
543 633 567 657 in
591 633 628 657 ad
645 641 731 657 sacra.
769 633 885 657 Fortasse
903 636 986 656 tamen
1004 632 1080 656 etiam

46 668 70 692 li.
89 668 105 692 l.
124 668 212 693 lacuna
229 673 267 692 est
284 669 320 692 sio
339 667 477 699 explenda:
496 667 533 691 ad
550 668 602 691 alia
621 665 758 699 [sacrificia
774 665 916 699 sedentia}

113 702 167 731 Vll,
185 701 203 728 8
221 701 293 734 (34).
313 700 355 726 17.
375 703 454 733 iugum
472 701 541 725 boum
559 705 584 726 et
601 705 722 726 aracrwn.
760 701 838 725 Codd.
858 702 946 733 iugum,
966 700 1038 726 boves
1057 704 1081 725 et

47 740 167 768 aratrum,
187 736 265 768 vulgo
284 737 363 768 t'uymn
382 736 466 764 boum,
486 739 607 764 aratrum,
630 737 657 760 Z.
676 736 749 760 boves
768 739 793 760 et
812 743 860 760 om.
897 735 976 759 Botcm
992 743 1078 759 verum

46 777 102 795 esse
119 775 143 794 et
162 771 284 795 sententia
304 770 413 794 declarat
432 775 455 793 et
472 770 566 794 codicis
583 770 647 796 Flor.
667 769 695 794 G.
721 770 843 802 scriptura
870 769 969 793 bovem:
994 773 1019 793 ee
1035 777 1079 793 au-

46 812 96 829 tem
105 805 219 829 omittere
229 812 279 829 non
291 805 358 836 licet,
376 809 512 836 propterea
522 803 591 835 quod
608 804 696 836 iugum
714 805 791 828 boum
810 808 834 827 et
852 808 961 827 aratrum
980 803 1013 827 ad
1029 804 1080 836 sig-

46 839 194 864 nificandam
212 839 390 871 agriculturam
407 842 521 863 accurate
538 838 670 862 coniuncta
687 842 744 862 sunt
762 845 890 868 unumque
908 838 1028 867 efficiunt,
1040 839 1081 862 cui

2 872 4 898 ἶ
47 878 109 898 recte
127 873 246 906 deinceps
264 874 311 898 tria
329 873 384 898 illa:
403 873 484 903 hasta,
504 873 605 904 saqitta,
621 876 723 904 patera,
741 873 795 896 sine
814 871 904 904 copula
919 872 1079 897 adiiciuntur.

114 908 166 937 Vll,
182 906 199 932 8
216 906 288 939 (35),
309 906 350 932 29.
370 915 415 932 nos
433 908 573 939 reliqionem
592 907 616 930 in
636 908 692 938 ipsa
707 907 759 938 fide
775 908 926 937 ponimus.
964 907 1015 931 Vix
1032 915 1079 939 pu-

46 941 158 971 taverim,
177 943 292 974 novimus,
313 949 376 974 quae
396 941 507 973 vulgaris
526 941 598 966 lectio
617 946 662 969 est,
680 942 715 966 ita
734 941 852 973 explicari
869 948 954 973 posse,
973 946 1000 965 ut
1012 942 1080 966 idem

46 976 98 1000 fere
115 983 172 1000 esse
191 976 301 1005 dicatur,
326 977 394 1007 quod
412 977 519 1000 colimus.
556 977 657 1006 Itaque.
691 983 843 1006 quamquam
861 983 935 999 nemo
954 975 1038 1000 adhuc
1055 977 1079 1000 iu

46 1010 91 1034 hac
108 1018 169 1035 voce
188 1010 300 1039 offendit,
320 1011 402 1035 facere
420 1015 504 1034 tamen
521 1017 569 1034 non
589 1011 668 1041 potui,
688 1011 747 1041 quin
765 1011 900 1034 scriberem
916 1011 1037 1040 ponimus.

112 1045 168 1073 VII,
186 1043 203 1069 9
222 1043 290 1076 (37),
310 1044 350 1069 14.
382 1045 510 1076 Reliquum
528 1043 623 1076 [aymen
647 1043 715 1077 sero]
735 1044 853 1069 substitit.
891 1045 970 1076 Epist.
991 1052 1017 1077 p.
1035 1043 1080 1069 35.

6 1096 8 1098 v
45 1078 159 1103 lacunam
178 1079 214 1103 sio
231 1079 344 1111 explevi:
364 1087 448 1110 aymen
467 1087 524 1103 non.
560 1078 631 1102 Nunc
643 1086 689 1103 non
703 1079 764 1102 mihi
782 1079 874 1103 idcirco
894 1078 976 1102 minus
993 1084 1080 1111 aptum

44 1113 156 1141 videtur,
176 1113 235 1144 quin
254 1113 397 1137 Alexander
415 1114 468 1137 suis
485 1113 560 1137 modo
579 1113 723 1144 praecepit,
741 1117 782 1141 ut,
803 1113 883 1137 donec
902 1113 964 1136 lucis
983 1113 1080 1144 aliquid

44 1151 196 1179 superesset.
214 1147 366 1179 fugientium
383 1148 461 1180 tergis
480 1146 644 1171 inhaererent.

112 1181 167 1209 Vll,
186 1180 202 1205 9
220 1180 289 1212 (38),
310 1180 351 1207 19.
373 1182 510 1212 Elpinicon.
547 1181 638 1210 Quum,
658 1181 726 1212 quod
743 1181 842 1205 codices
860 1181 986 1211 exhibent,
1000 1182 1080 1207 Exci-

42 1216 131 1246 pinon,
149 1222 195 1239 nec
213 1216 245 1240 sit
261 1223 308 1240 nec
325 1216 406 1247 possit
425 1223 481 1239 esse
500 1222 589 1239 nomeu
610 1214 741 1244 Graecum,
760 1223 817 1247 ego,
837 1216 956 1246 quoniam
972 1225 1022 1241 non
1032 1225 1078 1249 pu-

44 1249 105 1281 tavi,
124 1254 262 1274 monstrum
281 1250 343 1274 illud
360 1249 551 1281 relinquendum
571 1257 636 1278 esse,
655 1249 776 1280 nihilque,
795 1250 864 1280 quod
882 1251 990 1275 similius
1003 1258 1079 1280 esset,

44 1283 152 1316 repperi,
170 1284 261 1316 scripsi
279 1284 419 1315 Elpinicon.

110 1317 165 1346 VII,
186 1318 216 1343 ll
234 1317 303 1350 (42),
326 1318 364 1343 15.
394 1318 481 1350 quibus
499 1316 581 1350 [αΙίἱ],
608 1326 679 1350 quum
697 1325 787 1342 cuneos
809 1319 874 1342 inter
901 1326 970 1343 sna-a
988 1320 1079 1351 defige-

43 1356 107 1383 rent,
125 1352 224 1383 yraclus
240 1353 432 1383 subdidere,
452 1352 507 1384 quis
527 1354 677 1377 insisterent.
715 1351 793 1376 Codd.
813 1352 916 1377 mcbinde
932 1361 977 1385 pro
995 1354 1079 1378 subdi-

43 1386 112 1415 dere,
132 1386 241 1410 editores
261 1388 335 1411 etium
354 1387 441 1418 quibus
459 1387 612 1411 deleverunt.
650 1387 770 1411 Codicum
788 1391 812 1410 et
831 1387 969 1411 editionum
991 1389 1078 1419 vulga·
1103 1406 1107 1408 -

42 1421 107 1444 rium
126 1424 151 1444 et
167 1421 278 1452 Zumptii
295 1422 432 1452 scripturas
450 1421 527 1445 falsus
545 1428 610 1453 esse,
629 1426 657 1445 ut
669 1421 719 1445 alia
731 1421 843 1445 omittam
857 1426 1014 1453 argumenta,
1029 1431 1079 1447 uua

42 1455 92 1480 iam
115 1454 187 1478 docet
204 1455 317 1479 adverbii
335 1455 439 1480 subinde
458 1455 602 1480 collocatio:
622 1463 703 1487 neque
721 1455 809 1487 quibus
828 1460 878 1480 tam
891 1460 984 1480 temere
998 1457 1078 1481 omitti

43 1493 134 1521 potest.
171 1489 223 1513 lam
241 1490 343 1514 minime
362 1489 481 1514 credibile
500 1495 552 1521 est,
571 1489 614 1520 qui
633 1490 738 1514 adiectis
756 1489 852 1513 funium
873 1489 971 1521 laqueis
991 1499 1078 1515 evase-

43 1523 100 1554 rint,
119 1523 228 1551 eosdem,
248 1531 326 1554 quum
345 1528 428 1547 tamen
447 1524 520 1548 funes
537 1525 653 1548 manibus
671 1528 792 1555 tenerent,
812 1523 887 1548 simul
906 1532 998 1549 cuneos
1015 1526 1079 1550 inter

42 1565 106 1581 saxa
124 1558 252 1586 defixisse,
272 1559 364 1589 quibus
382 1559 538 1582 insisterem:
558 1559 633 1582 immo
646 1558 791 1586 verisimile,
810 1559 840 1582 ab
858 1558 914 1582 aliis
934 1567 987 1588 eos,
1007 1565 1033 1584 ut
1052 1561 1078 1584 in

43 1591 143 1616 nitendo
164 1591 217 1616 fieri
235 1592 306 1619 solet.
325 1592 427 1617 adiutos
446 1599 511 1621 esse,
538 1598 570 1621 et,
590 1600 668 1623 quum
685 1593 779 1624 pedum
798 1593 893 1617 fultura
912 1599 1014 1625 egerent
1033 1602 1079 1618 nec

42 1626 90 1657 ipsi
110 1625 182 1650 facile
202 1633 294 1651 cuneos
313 1626 417 1658 infigere
436 1630 556 1658 possent,
588 1627 651 1651 alios
676 1626 703 1650 id
722 1626 813 1651 fecisse
833 1631 908 1658 atque
926 1628 961 1651 ita
979 1628 1078 1652 illorum

42 1660 148 1717 pedibus
165 1660 260 1692 gradus
279 1661 432 1685 subdidisse.
470 1660 511 1685 Sic
530 1661 697 1685 coniecturam
717 1668 799 1685 meam
817 1661 879 1685 satis
891 1661 1022 1686 defensam
1039 1669 1077 1686 ar-

61 1698 129 1717 uror.

127 1736 208 1757 cun‘r.
230 1737 294 1758 itur.
856 1733 873 1758 b
