1215 1895
145 77 274 107 LlB.lV.
291 77 372 107 CAP.
382 78 460 113 XVI,
472 82 503 108 27
514 94 555 98 -
567 78 684 107 LlB.V.
699 77 810 111 CAP.1‚
825 80 851 107 8.
867 87 1084 114 [1v,ss³-v.i.z,1
1108 76 1147 108 77

191 156 287 181 artibus
297 155 432 181 occultant.
467 154 509 179 Xl.
531 154 639 178 insidiae
649 153 806 186 proditorum
814 153 893 178 Dareo
904 153 1060 185 aperiuntur.
1079 152 1102 176 Is
1112 155 1150 176 ta-

192 198 250 215 men
259 197 379 222 praeseus
390 189 540 214 Graecorum
550 189 645 220 respuit
660 188 798 219 auxilium,
818 191 921 219 paratus
941 188 1038 219 perire,
1057 187 1080 211 si
1099 187 1151 212 sat-

194 233 251 249 vum
272 232 330 248 esse
347 225 385 248 sui
405 223 499 248 nollent
510 223 612 247 milites.
648 222 703 248 ΧΠ.
725 222 933 247 BcssusDareum
946 222 1009 246 fictis
1023 221 1107 246 verbis
1125 228 1151 245 ei.

193 259 303 283 lacrimis
314 258 429 283 delusum
450 256 639 289 comprehendit
658 257 792 287 aureisque
816 257 925 280 vinctum
941 256 1106 287 compedibus
1122 253 1151 277 in

190 293 294 318 sordido
315 292 431 317 vehiculo
450 292 483 315 ml
503 291 673 315 Alexandrum
693 291 817 315 deducere
837 295 918 322 purat.
955 290 1019 315 xut.
1040 290 1149 314 Alexan-

190 328 250 356 der,
269 326 434 352 auditoDarei
445 325 571 357 periculo,
586 326 619 350 ad
631 326 762 350 Persarum
775 325 913 350 exercitum
923 324 1060 349 contendit.
1089 324 1150 348 Bas-

193 369 236 386 sus
251 367 335 386 autem
347 369 406 385 eum
417 360 521 391 reliquis
532 360 664 392 parricidis
682 367 752 384 arma
765 359 912 390 vultumque
923 360 1025 383 victoris
1035 364 1150 383 metuens

190 396 298 420 Dareum
315 395 399 419 multis
414 394 561 419 confossum
574 395 718 418 vulneribus
734 394 853 425 relinquit
865 394 975 426 fugaque
991 393 1040 417 sibi
1058 400 1149 417 consu-

191 430 228 454 lit.
260 430 335 454 Darei
347 437 438 461 corpus
458 434 584 461 repertum
603 428 749 453 Alexander
769 429 878 452 lacrimis
895 428 1057 460 prosequitur
1073 432 1097 452 et
1115 428 1147 451 ad

191 464 361 496 sisygambim
371 463 544 495 sepeliendum
555 463 640 487 mittit.

565 554 659 584 CAP.
684 555 704 583 1.

129 627 142 653 1
237 622 269 658 (1
285 624 326 650 ed.
341 624 461 657 Zumpt.)
480 621 563 657 Quae
575 621 694 651 interim
708 621 801 650 ductu
812 619 1004 658 imperioque
1016 620 1149 650 Alexan—

156 663 203 693 dri
219 664 266 693 vel
283 663 312 693 in
329 663 457 692 Graecia
472 664 521 693 vel
538 663 568 692 in
585 663 696 701 Illyriis
711 670 748 692 ac
762 662 890 692 Thracia
905 667 992 699 gesta
1015 667 1100 698 sunt,
1122 662 1148 692 si

157 714 222 735 suis
238 713 381 742 quaeque
394 705 583 742 temporibus
604 705 735 734 reddere
757 705 900 739 voluero,
926 704 1147 741 interrumpen-

132 752 149 777 2
159 748 217 777 dae
232 751 302 776 sunt
317 755 366 776 res
382 747 485 782 Asiae,
502 755 579 784 quas
597 746 701 784 utique
717 746 756 775 ad
772 747 873 783 fugam
888 751 1079 782 mortemque
1091 746 1148 775 Da-

155 788 199 819 rei
214 789 375 818 universas
391 788 420 817 in
437 793 636 826 conspectum
654 787 719 817 dari
734 792 778 823 et,
801 787 880 818 sicut
895 788 973 818 inter
987 795 1022 817 se
1037 788 1148 817 cohae-

155 835 238 867 rent,
259 830 300 860 ita
321 838 415 867 opere
437 829 507 867 ipso
529 829 674 867 coniungi
701 830 783 859 haud
805 831 897 867 paulo
924 830 1024 866 aptius
1051 828 1148 859 videri

156 877 267 910 potest.
302 871 395 909 Igitur
416 876 500 906 ante,
525 881 605 909 quae
626 871 744 909 proelio
760 872 842 909 apud
858 872 971 901 Arbela
987 871 1149 902 coniuncta

157 918 235 949 sunt,
251 913 354 944 ordiar
368 914 480 944 dicere.

129 961 146 987 3
239 956 355 985 Dareus
371 955 470 985 media
487 956 550 986 fere
566 959 656 985 nocte
671 956 783 986 Arbela
806 959 1003 993 pervenerat,
1026 955 1144 985 eodem-

157 1005 217 1035 que
225 1006 353 1034 magnae
366 997 460 1034 partis
468 999 634 1027 amicorum
647 998 712 1027 eius
726 1006 761 1027 ac
774 998 899 1027 militum
912 999 1013 1034 sugam
1030 997 1150 1027 l'ortuua

129 1044 144 1069 4
156 1041 354 1076 compulerat.
378 1039 491 1075 Quibus
512 1040 689 1069 convocatis
705 1040 840 1076 exponit,
855 1039 936 1068 haud
952 1040 1090 1069 dubitare
1106 1047 1150 1075 se,

159 1082 230 1117 quin
246 1081 421 1110 Alexander
443 1082 656 1111 celeberrimas
672 1081 766 1111 urbes
788 1089 942 1118 agrosque
962 1081 1044 1111 omni
1060 1080 1148 1118 eopia

158 1131 257 1152 rerum
273 1123 464 1152 abundantes
485 1123 634 1160 petiturus
650 1127 748 1152 esset:
772 1123 918 1160 praedam
941 1122 1074 1160 opimam
1096 1131 1149 1160 pa-

129 1171 144 1193 1,
157 1169 312 1201 ratamque
326 1164 424 1201 ipsum
438 1169 468 1194 et
483 1164 592 1195 milites
609 1164 674 1194 eius
691 1168 841 1201 spectare.
864 1165 897 1194 Id
911 1165 977 1194 suis
990 1165 1083 1194 rebus
1099 1163 1151 1194 tali

158 1206 188 1236 in
202 1211 281 1236 statu
293 1205 382 1235 saluti
399 1207 479 1235 fore:
496 1207 611 1244 quippe
627 1214 661 1236 se
677 1207 800 1236 deserta
816 1214 884 1236 cum
900 1207 1044 1244 expedita
1060 1214 1150 1237 manu

158 1249 329 1285 petiturum.
353 1248 462 1277 Ultima
476 1248 562 1285 regni
577 1249 624 1277 sui
637 1248 738 1278 adhue
754 1249 865 1278 intaeta
880 1256 966 1278 esse:
983 1249 1054 1278 inde
1069 1249 1150 1278 bello

131 1293 148 1320 6
161 1289 241 1320 vires
263 1289 344 1319 haud
365 1297 457 1326 aegre
478 1294 699 1327 reparaturum.
744 1290 916 1328 Occuparet
942 1299 1017 1320 sane
1043 1299 1149 1328 gazam

157 1331 335 1361 avidissima
350 1339 425 1368 gens
441 1336 471 1361 et
491 1340 530 1361 ex
552 1333 644 1369 longa
664 1332 743 1361 fame
766 1333 889 1362 satiaret
911 1341 945 1362 sc
967 1341 1056 1368 aum,
1078 1340 1152 1362 mox

158 1373 257 1403 sutura
270 1373 402 1410 praedae
415 1373 488 1402 sibi:
504 1382 564 1404 usu
576 1374 732 1410 didicisse,
748 1374 916 1411 pretiosam
929 1375 1150 1412 supellectilem

158 1415 347 1452 pellicesque
362 1419 392 1444 et
407 1415 578 1452 spadonum
591 1416 713 1452 agmina
733 1416 805 1445 nihil
828 1417 909 1446 aliud
926 1418 1036 1449 fuisse.
1059 1424 1149 1453 quam

158 1464 252 1486 onera
267 1462 295 1486 et
310 1457 538 1494 impedimenta:
554 1458 661 1487 eadem
674 1458 839 1488 trahentem
853 1459 1070 1492 Alexandrum,
1085 1458 1137 1495 qui

130 1501 144 1528 7
159 1497 216 1527 bus
231 1499 322 1527 rebus
338 1504 427 1528 antea
444 1500 584 1535 vicisset,
607 1500 779 1530 inferiorem
802 1501 877 1529 sore.
901 1500 994 1529 Plena
1010 1500 1150 1530 omnibus

157 1540 380 1576 desperationis
398 1541 557 1570 videbatur
575 1540 682 1576 oratio,
698 1541 811 1578 quippe
823 1541 1034 1580 Babyloniam,
1043 1543 1149 1571 urbem

157 1581 435 1619 opulentissimam,
457 1582 528 1612 dedi
545 1583 755 1613 cernentibus:
782 1584 841 1612 iam
857 1583 952 1620 Susa,
974 1584 1032 1613 iam
1049 1588 1148 1613 cetera

157 1628 334 1653 ornamenta
348 1624 433 1661 regui
449 1632 638 1662 causamque
659 1625 729 1654 belli
748 1625 903 1655 victorem·
918 1630 1149 1663 occupaturum.

127 1665 196 1694 8At
209 1665 258 1694 ille
279 1666 393 1695 docere
410 1667 521 1703 pergit,
544 1675 604 1696 non
622 1668 767 1704 speciosa
782 1667 880 1704 dictu,
896 1668 951 1697 sed
967 1677 1026 1697 usu
1043 1677 1149 1697 neces·

157 1705 238 1736 saria
258 1707 286 1736 in
309 1708 401 1737 rebus
424 1709 565 1738 adversis
585 1709 746 1746 sequenda
767 1717 854 1739 esse:
881 1710 961 1739 ferro
981 1709 1046 1747 geri
1060 1710 1148 1746 bella,
