1215 1905
156 87 216 118 128
497 87 530 122 Q.
554 87 708 117 CURTil
729 88 838 117 RUFI

155 171 223 192 cum
239 163 339 198 modo,
356 163 412 191 sed
427 170 467 191 ex
482 162 586 191 ultima
602 163 701 199 plebe,
716 162 836 198 auditis,
853 170 932 199 quae
947 163 986 192 ad
1002 171 1070 192 eum
1086 163 1139 193 de-

154 205 214 233 lata
236 207 334 239 erant,
358 212 417 233 non
438 204 575 240 protinus
597 204 636 232 ad
656 212 759 240 regem
781 202 876 233 fuisse
898 208 1080 234 cursurum?
1100 213 1138 234 ne
1149 210 1179 236 11

154 245 288 274 CebalIni
302 244 425 281 quidem
438 245 587 282 exemplo,
603 245 653 282 qui
667 253 705 274 ex
719 246 810 274 fratre
824 249 979 281 comperta
990 245 1049 282 ipsi
1061 255 1136 275 nunv

154 287 267 321 tiasset,
285 286 490 316 Parmenionis
506 286 608 322 filium,
624 287 811 322 praesectum
827 286 987 323 equitatus,
1005 287 1138 316 omnium

152 336 331 357 arcanorum
343 328 424 365 regis
439 327 598 357 arbitrum!
621 327 783 357 simulasse
798 327 902 362 etiam,
925 335 985 356 non
1006 336 1137 358 vacasse

153 370 349 399 sermonisuo
362 378 473 406 regem,
488 377 525 398 ne
538 369 630 398 index
638 369 730 398 alium
741 370 953 399 internuntium
966 374 1134 406 quaereret.

152 410 368 440 Nicomzichum
388 410 535 447 religione
555 419 679 447 quoque
695 411 785 440 deum
805 412 960 440 astrictum
977 410 1176 441 conscien-Jz

152 451 222 481 tiam
244 460 329 481 suain
354 460 521 482 exonerare
541 460 741 489 properasse:
767 452 925 488 Philotam,
953 456 1135 489 consumpto

151 502 207 530 per
219 494 322 522 ludum
335 493 499 530 iocumque
513 502 610 530 paene
626 497 687 523 toto
701 494 759 530 die,
776 498 932 530 gravatum
949 501 1020 523 esse
1035 502 1135 530 pauca
1180 508 1181 512 =

151 535 258 569 verba,
288 535 467 571 pertinentia
486 535 526 564 ad
547 538 636 571 caput
658 536 752 571 regis,
781 539 840 564 tam
854 536 946 572 longo
964 539 993 564 et
1009 535 1133 564 Forsitan
1178 548 1180 563 2

151 584 344 613 supervacuo
360 577 495 606 inserere
511 577 652 605 sermoni.
690 578 730 606 At
745 576 824 606 enim
841 585 876 606 se
891 585 949 606 non
967 576 1136 606 credidisse
1144 581 1174 607 13
1212 606 1215 615 ς

150 618 220 647 talia
241 618 447 647 deferentibus
468 618 587 654 pueris!
610 618 669 646 Cur
688 618 779 654 igitur
794 618 979 648 extraxisset
998 617 1132 654 biduum,
1177 646 1178 663 χ
1212 623 1215 629 '

151 665 293 696 tanquam
315 659 427 688 indicio
450 659 575 688 haberet
595 660 708 688 fidem?
733 660 941 689 dimittendum
962 659 1058 688 fuisse
1080 659 1133 689 Ce-

150 702 297 736 baIInuni,
323 701 348 729 si
364 701 545 730 delationem
561 701 627 730 eius
644 701 814 730 damnabat.
857 701 888 729 In
906 709 961 730 suo
980 704 1177 738 quemquem

150 742 285 779 periculo
302 750 443 779 magnum
457 743 589 771 animum
612 743 738 778 habere,
767 751 858 779 quum
881 743 918 771 de
937 743 1034 772 salute
1051 741 1132 779 regis
1173 752 1176 767 i

150 783 316 818 timeretur,
335 784 476 813 credulos
492 792 563 813 esse
579 784 705 819 debere,
724 792 801 813 vana
817 792 940 820 quoque
960 784 1132 814 deferentes
1174 793 1175 798 ¹

148 825 314 854 admittere.
339 825 449 854 Omnes
465 825 554 862 Igitur
571 824 781 861 quaestionem
796 826 834 854 de
850 834 902 859 eo,
920 829 952 854 ut
967 825 1132 861 participes
1142 829 1170 854 15

149 867 274 896 sceleris
299 866 434 896 indicare
460 871 634 902 cogeretur,
661 867 831 895 habendam
856 875 927 895 esse
954 867 1130 896 decernunt.
1172 890 1173 894 ,

148 909 213 937 Rex
229 908 410 944 admonitos,
427 908 468 937 uti
484 907 643 937 consilium
658 908 777 937 silentio
799 912 977 944 premerent,
994 907 1121 937 dimittit.

148 1074 256 1108 niodo,
287 1074 344 1103 sed
369 1074 458 1103 etiam
488 1073 672 1102 familiariter
701 1074 834 1110 colloqui
861 1081 928 1102 cum
954 1081 1010 1109 eo,
1042 1081 1131 1109 quem
1168 1075 1180 1110 ἶ]

148 1116 359 1150 damnaverat,
376 1115 526 1144 sustinuit.
551 1114 693 1144 Secunda
709 1114 819 1144 deinde
836 1114 951 1151 vigilia,
968 1114 1130 1143 luminibus
1141 1117 1163 1145 l'i

147 1156 303 1192 extinctis,
330 1165 398 1185 cum
424 1156 530 1193 paucis
552 1156 581 1185 in
604 1155 717 1192 regiam
743 1158 854 1185 coeunt
874 1156 1080 1193 Hephaestion
1103 1160 1131 1185 et
1176 1154 1179 1193 j

147 1197 287 1227 Craterus
304 1202 333 1226 et
349 1198 468 1227 Coenus
484 1202 514 1227 et
524 1197 676 1235 Erigyius,
692 1197 722 1226 hi
734 1206 771 1226 ex
787 1197 907 1227 amicisz
924 1206 962 1226 ex
974 1197 1130 1233 armigeris
1165 1194 1179 1250 ‘i
1210 1188 1215 1205 ’

147 1244 246 1268 autem
262 1239 423 1268 Perdiccas
440 1243 469 1268 et
484 1239 666 1268 Leonna‘itus.
688 1239 744 1267 Per
755 1239 812 1268 hos
825 1239 1011 1275 imperatum,
1025 1243 1065 1274 ut,
1079 1238 1130 1276 qui
1164 1250 1165 1283 ζ
1209 1229 1215 1244 s

146 1281 186 1310 ad
212 1280 395 1316 praetorium
421 1280 626 1315 excubabant,
654 1280 759 1310 armati
784 1280 951 1316 vigilarent.
995 1281 1056 1309 Iam
1078 1281 1117 1309 ad
1139 1284 1174 1310 le

147 1330 252 1351 omnes
269 1321 368 1351 aditus
385 1321 528 1358 dispositi
550 1325 634 1351 erant
654 1321 788 1358 equites,
812 1321 918 1351 itinera
935 1330 1058 1358 quoque
1078 1322 1129 1351 ob-

147 1364 247 1392 sidere
269 1363 359 1398 iussi,
385 1372 422 1392 ne
438 1363 506 1400 quis
529 1364 567 1392 ad
589 1363 829 1398 Parmenionem,
857 1362 907 1399 qui
930 1367 990 1392 tum
1012 1363 1130 1392 Mediae

146 1404 326 1442 magnisque
346 1404 443 1441 copiis
466 1408 618 1441 praeerat,
644 1405 780 1434 occultus
797 1405 949 1433 evaderet.
973 1404 1163 1437 Atharri‘asl!

145 1450 245 1476 autem
262 1454 329 1475 eum
346 1446 487 1476 trecentis
509 1445 630 1475 armatis
653 1445 816 1475 intraverat
836 1446 964 1482 regiani:
987 1446 1056 1475 huic
1078 1447 1129 1474 de·
1163 1459 1165 1463 ⁴

146 1496 211 1517 cem
233 1487 378 1517 satellites
401 1488 572 1524 traduntur,
599 1495 727 1524 quorun]
751 1488 887 1524 singulos
904 1487 974 1516 deni
989 1486 1128 1523 armigeri
1157 1521 1159 1530 ⁴

146 1530 361 1566 sequebantur.
401 1529 439 1558 Hi
460 1530 498 1558 ad
519 1529 596 1558 alios
619 1529 794 1558 coniuratos
821 1529 1126 1566 comprehendendos
1135 1532 1160 1558 2·

146 1570 295 1600 distributi
311 1575 395 1600 sunt:
414 1571 572 1600 Atharri‘as
594 1579 660 1600 cum
683 1570 826 1600 trecentis
846 1571 884 1599 ad
900 1570 1042 1599 Philotam
1057 1570 1127 1599 mis·
1157 1573 1159 1606 ᾗ

146 1620 199 1640 sus
215 1613 352 1641 clausum
368 1612 481 1641 aditum
497 1613 606 1641 domus
629 1612 821 1648 moliebatur,
843 1611 1063 1648 quinquaginta
1085 1611 1126 1640 iu·
1154 1615 1156 1627 '
1192 1638 1210 1650 ,Ἰ

145 1661 255 1682 venum
272 1653 507 1690 promptissimis
523 1654 668 1691 stipatus:
686 1662 753 1683 nam
769 1658 888 1683 ceteros
905 1653 1026 1690 cingere
1041 1652 1126 1682 undi-
1155 1650 1159 1672 ⁴-
1191 1646 1208 1695 δῖ

146 1703 204 1730 que
217 1695 339 1724 domuin
352 1695 489 1731 iusserat,
504 1704 541 1725 ne
554 1696 672 1725 occuito
685 1695 768 1724 aditu
775 1694 905 1724 Philotas
919 1702 1027 1732 posset
1038 1693 1126 1723 elabi.
1200 1693 1212 1703 ”
