1215 1895
105 56 144 88 74
422 98 425 99 ⁷
446 56 479 92 Q.
502 55 656 85 CURTII
677 55 783 86 RUFI

101 132 178 168 Quid
196 129 339 162 cessatis?
360 140 399 160 an
418 140 455 160 ne
468 131 653 167 fugientibus
666 132 782 167 quidem
794 140 885 168 pares
896 131 987 162 estis?
1007 131 1088 161 Vera
1108 137 1125 163 6

101 173 202 203 dicere
226 173 401 207 videbatur,
431 176 461 202 et
475 180 549 209 spes
575 173 754 209 languentes
784 180 909 209 quoque
936 179 1085 204 erexerat.

99 214 235 244 Subditis
257 213 443 250 calcaribus,
465 222 612 251 proruere
628 213 657 242 in
679 214 815 243 hostem:
842 218 872 243 et
886 213 929 242 illi
943 213 1003 244 iam
1025 224 1085 245 non

100 255 223 291 sensim,
240 255 296 284 sed
312 254 402 285 citato
418 255 515 292 gradu
526 255 719 290 recedebant,
737 263 794 284 nec
808 254 971 292 quicquam
984 256 1083 293 fugae,

99 296 157 326 nisi
174 296 257 333 quod
273 297 407 326 nondum
423 301 507 333 terga
527 301 692 332 verterant,
715 297 827 326 deerat.
869 296 1026 327 Parmenio
1043 302 1085 328 ta-
1110 301 1126 328 7

98 346 167 367 men
189 339 328 375 ignarus,
350 346 499 375 quaenam
520 337 550 367 in
573 338 679 367 dextro
696 345 791 367 cornu
807 338 927 368 fortuna
941 338 1022 375 regis
1037 347 1084 369 es-

99 384 160 415 set,
180 380 329 416 repressit
350 387 439 409 suos:
465 379 625 415 Mazaeus,
652 380 722 408 dato
739 387 859 416 pugnae
882 379 997 416 spatio,
1024 388 1085 410 non

98 425 181 450 recto
197 420 318 456 itinere,
341 421 396 450 sed
412 420 525 450 maiore
540 424 570 450 et
584 421 623 450 ob
639 420 669 449 id
688 420 797 450 tutiore
813 420 970 450 circumitu
983 420 1084 458 Tigrin

100 466 225 499 superat
252 466 281 492 et
306 462 506 499 Babyloniam
534 470 601 491 cum
627 461 764 499 reliquiis
794 462 902 492 devicti
930 462 1084 493 exercitus

97 504 196 533 intrat.

180 544 247 580 (61)
269 546 386 574 Dareus
408 545 515 582 paucis
539 546 628 582 fugae
650 545 809 575 comitibus
830 545 870 574 ad
891 545 1007 583 Lycum
1021 554 1083 575 am·
1109 550 1125 575 8

99 595 165 616 nem
182 587 394 616 contenderat:
412 595 472 624 quo
489 587 614 616 traiecto
631 586 791 621 dubitavit,
808 595 846 615 an
860 587 993 616 solveret
1007 595 1082 623 pon-

96 633 170 658 tem:
189 628 305 665 quippe
319 628 438 658 hostem
454 628 513 656 iam
528 628 624 657 affore
640 628 842 657 nuntIabatur.
866 628 928 657 Sed
943 632 987 657 tot
1002 627 1084 658 milia

96 677 238 705 suorum,
268 677 348 706 quae
374 670 508 698 nondum
534 670 573 699 ad
599 678 717 699 amnem
743 673 960 706 pervenerant,
990 674 1082 706 ponte

94 710 229 740 rescisso
252 710 374 740 videbat
394 711 492 740 hostis
508 712 653 748 praedam
670 712 743 741 fore.
786 711 972 748 Abeuntem,
989 720 1080 748 quum
1103 717 1120 743 9

94 752 239 782 intactum
265 752 378 781 sineret
399 756 537 789 pontem,
563 752 679 782 dixisse
701 756 833 787 constat,
861 753 949 782 malle
975 761 1009 781 se
1033 761 1081 781 se·

94 794 258 831 quentibus
274 793 330 823 iter
351 794 439 829 dare,
464 802 553 831 quani
577 795 696 823 auferre
720 793 913 830 fugientibus.
949 794 1020 830 lpse
1037 793 1080 823 in-

93 844 171 872 gens
190 835 321 872 spatium
343 836 414 872 suga
429 844 571 865 emensus
588 836 687 865 media
703 836 765 864 sere
781 840 870 865 nocte
885 835 997 864 Arbela
1012 843 1080 872 per-

95 877 186 907 venit.
656 877 662 879 “

176 918 248 954 Quis
264 923 307 949 tot
323 918 453 949 ludibria
469 919 623 954 fortunae,
640 919 766 954 ducum,
787 917 940 954 agminum
956 918 1079 947 caedem
1089 923 1122 948 10

94 960 306 997 multiplicem,
323 960 511 990 devictorum
527 961 643 997 sugam,
667 960 770 989 clades
786 967 866 988 nunc
883 959 1078 996 singulorum,

93 1010 173 1032 nunc
195 1001 408 1031 universorum
429 1005 480 1031 aut
494 1002 593 1031 animo
616 1000 742 1038 assequi
758 1005 850 1038 queat
871 1006 921 1031 aut
942 1000 1079 1030 oratione

94 1043 278 1080 complecti?
304 1043 527 1080 Propemodum
549 1042 663 1073 saeculi
685 1051 734 1072 res
750 1042 779 1071 in
794 1051 887 1072 unum
901 1042 983 1072 illum
999 1042 1079 1071 diem

93 1090 165 1122 pro!
193 1086 313 1114 fortuna
341 1084 513 1114 cumulavit.
556 1085 616 1114 Alii
643 1093 703 1121 qua
722 1084 935 1113 brevissimum
957 1084 1117 1121 patebatll

93 1126 163 1161 iter,
185 1126 236 1155 alii
252 1126 359 1156 devios
381 1126 476 1156 saltus
492 1130 521 1155 et
536 1126 654 1163 ignotas
671 1126 870 1162 sequentibus
887 1126 979 1155 calles
996 1128 1078 1162 pete-

92 1168 173 1197 bant.
195 1168 298 1204 Eques
315 1168 475 1204 pedesque
491 1167 609 1197 confusi
625 1169 691 1197 sine
704 1168 790 1204 duce,
803 1167 925 1196 armatis
938 1167 1077 1203 inermeS,

92 1208 218 1246 integris
242 1209 357 1239 debiles
380 1209 619 1246 implicabantur.
663 1209 794 1244 Deinde,
818 1207 1028 1238 misericordia
1047 1208 1078 1237 in
1088 1212 1119 1237 12

92 1255 204 1280 metum
219 1259 324 1286 versa⁷
342 1251 394 1287 qui
409 1250 499 1288 sequi
515 1259 574 1280 non
591 1255 738 1287 poterant,
756 1250 832 1280 inter
847 1254 968 1279 mutuos
984 1250 1077 1286 gemi—

92 1297 141 1322 tus
158 1292 385 1322 deserebantur.
408 1292 479 1322 Sitis
495 1293 659 1329 praecipue
675 1291 816 1328 fatigatos
832 1296 861 1321 et
873 1291 996 1321 saucios
1009 1298 1077 1328 per-

91 1334 212 1369 urebat,
236 1333 413 1371 passimque
431 1334 571 1363 omnibus
592 1333 666 1363 rivis
688 1337 916 1370 prostraverant
937 1340 1077 1370 corpora,

93 1375 358 1412 praeterfluentem
373 1384 485 1412 aquam
501 1374 594 1405 hianti
610 1384 662 1405 ore
678 1379 845 1412 captantes.
874 1375 968 1411 Quam
986 1382 1078 1411 quum
1087 1376 1119 1403 13

93 1416 182 1446 avide
195 1416 343 1446 turbidam
356 1417 538 1452 hausissent,
554 1417 755 1446 tendebantur
768 1417 920 1453 extemplo
934 1423 1076 1453 praecor-

92 1458 156 1494 dia,
174 1463 330 1495 premente
345 1459 431 1488 limo:
454 1459 659 1495 resolutisque
675 1462 704 1488 et
719 1457 908 1494 torpentibus
924 1457 1076 1492 membris,

93 1508 187 1536 quum
199 1500 430 1537 supervenisset
444 1500 550 1536 hostis,
567 1499 655 1529 novis
668 1499 844 1529 vulneribus
857 1498 1075 1529 excitabantur.

92 1541 229 1577 Quidam,
247 1540 405 1579 occupatis
422 1541 568 1579 proximis
584 1541 668 1577 rivis,
685 1542 878 1571 deverterant
891 1540 1020 1577 longius,
1035 1543 1076 1575 ut,
1086 1542 1118 1569 14

92 1582 239 1619 quicquid
266 1583 376 1613 occulti
401 1582 537 1613 humoris
563 1591 694 1620 usquam
715 1586 864 1618 manaret,
891 1581 1075 1618 exciperent,

91 1632 148 1653 nec
169 1624 230 1653 ulla
252 1624 329 1654 adeo
351 1625 419 1654 avia
440 1629 469 1654 et
491 1624 573 1654 sicca
595 1625 702 1654 lacuna
717 1628 795 1658 erat,
816 1628 850 1653 ut
864 1621 1077 1659 vestigantium

91 1664 172 1695 sitim
188 1666 312 1695 falleret.
335 1665 359 1694 E
370 1666 518 1702 proximis
532 1674 605 1696 vero
618 1665 715 1696 itineri
731 1664 807 1695 vicis
822 1665 953 1695 ululatus
969 1672 1077 1694 senum
1086 1669 1118 1694 1⁵
