1215 1905
133 88 193 119 158
473 89 506 124 Q.
531 89 687 119 CURTll
709 90 815 120 RUFI

131 167 236 203 optime
253 167 387 195 meritum
406 167 491 202 prius
506 166 629 200 vincire,
655 166 762 195 deinde
784 167 917 195 occidere
938 167 1117 197 sustinuisti?

131 208 191 237 Sed
202 208 288 236 huius
295 207 460 243 parricidii
469 207 630 236 mercedem
639 207 721 242 falso
733 209 811 243 regis
823 209 937 237 nomine
945 211 1117 245 persolvisti.
1212 213 1215 238 l

132 249 175 278 lbi
197 249 247 277 ille
269 248 387 277 facinus
409 256 539 284 purgare
563 256 623 278 non
638 256 732 277 ausus
754 248 834 285 regis
852 249 966 279 titulum
982 258 1017 279 se
1031 255 1160 281 usur-39

132 298 205 327 pare
223 289 307 325 dixit,
323 294 355 319 ut
369 294 489 326 gentem
505 298 591 319 suam
607 290 726 319 tradere
741 290 800 327 ipsi
816 290 929 327 possit:
943 291 994 328 qui
1010 292 1035 321 si
1051 300 1115 321 ces-

133 336 248 367 sasset,
264 332 355 360 alium
371 331 466 361 fuisse
481 339 607 368 regnum
624 335 848 368 occupaturum.
893 333 929 362 Et
943 333 1159 364 Alexander4o

133 373 293 409 Oxathren,
311 374 431 402 fratrem
444 373 541 408 Darei,
560 381 649 409 quem
663 373 739 402 inter
750 374 888 410 corporis
903 375 1048 404 custodes
1064 375 1116 404 ha-

131 415 236 450 bebat,
263 415 390 451 propius
413 414 502 444 iussit
523 415 671 444 accedere
696 414 833 451 tradique
861 416 991 445 Bessum
1017 416 1060 451 ei,
1086 422 1118 446 ut

132 456 214 486 cruci
230 456 371 491 affixum,
390 456 532 486 mutilatis
548 456 672 486 auribus
688 457 889 494 naribusque,
913 457 1028 494 sagittis
1045 466 1115 487 con—
1213 465 1215 477 ⁴

131 499 258 535 figerent
274 498 392 527 barbari
408 502 663 535 asservarentque
676 506 797 535 corpus,
810 503 842 528 ut
855 508 892 528 ne
905 507 978 528 aves
994 500 1116 536 quidem

132 540 349 576 contingerent.
395 540 541 569 Oxathres
564 545 664 569 cetera
680 539 737 569 sibi
754 548 845 569 curae
861 541 925 570 fore
942 541 1156 577 polliceturz4l

131 590 205 610 aves
228 590 287 611 non
310 582 347 610 ab
367 581 426 611 alio
447 590 537 618 quam
559 590 576 609 a
599 581 710 611 Catane
725 590 819 618 posse
836 582 988 618 prohiberi
1005 582 1116 618 adiicit,
1135 578 1137 580 ’

131 623 271 652 eximiam
285 623 350 652 eius
363 627 457 652 artem
471 623 597 660 cupiens
611 624 789 652 ostendere=
803 632 933 660 namque
946 624 1023 653 adeo
1034 628 1115 653 certo
1212 630 1214 653 1

130 665 191 694 ictu
208 664 358 693 destinata
374 665 507 700 feriebat,
524 669 556 694 ut
571 673 645 694 aves
661 673 785 701 quoque
801 665 966 702 exciperet.
989 665 1074 694 Nunc
1091 665 1156 695 si42

132 706 273 743 forsitan,
290 706 451 742 sagittandi
468 711 527 736 tam
543 706 655 736 celebri
668 715 741 742 usu,
756 706 855 736 minus
870 707 1056 736 admirabilis
1072 707 1114 736 vi-

131 747 195 777 deri
217 756 266 777 ars
289 748 364 777 haee
386 747 499 784 possit,
527 753 598 778 tune
620 748 728 785 ingens
751 748 918 778 visentibus
939 748 1116 778 miraculum

130 798 302 826 magnoque
318 790 426 819 honori
442 790 545 820 Cateni
561 790 624 819 fuit.
666 791 754 819 Dona
769 790 879 819 deinde
895 790 1050 826 omnibus,
1067 790 1157 826 qui43

131 832 260 861 Bessum
275 831 481 867 adduxerant,
497 832 567 861 data
583 835 661 860 sunt.
694 831 832 860 Ceterum
849 831 1033 868 supplicium
1048 831 1114 861 eius

131 873 260 908 distulit,
288 877 369 902 uteo
388 873 470 907 loeo,
497 873 525 902 in
549 882 609 910 quo
631 874 759 902 Dareum
782 872 849 909 ipse
871 873 1037 909 occiderat,
1064 881 1110 902 ne·

131 919 258 944 caretur.

561 982 653 1010 CAP.
677 983 727 1009 Vl.

213 1039 280 1074 (25)
293 1040 410 1068 Interea
422 1039 606 1068 Macedones
618 1039 657 1068 ad
670 1040 834 1076 petendum
848 1039 991 1075 pabulum
1004 1038 1113 1068 iucem>
1130 1044 1141 1067 1

131 1081 231 1117 posito
249 1081 368 1117 agmine
384 1080 501 1117 egressi
516 1089 534 1109 a
549 1081 702 1115 barbaris,
724 1080 774 1117 qui
794 1081 832 1110 de
848 1079 994 1117 proximis
1009 1080 1115 1109 monti-

129 1123 186 1151 bus
204 1123 410 1158 decuroerunt,
424 1122 641 1158 opprimuntur,
659 1123 825 1159 pluresque
838 1122 917 1158 capti
930 1126 1008 1158 sunt,
1025 1130 1114 1158 quam

131 1164 240 1193 occisi:
265 1164 384 1193 barbari
407 1168 507 1193 autem
528 1164 667 1200 eapfflvos
684 1172 757 1200 prae
773 1172 807 1193 se
822 1168 947 1200 agentes
964 1172 1069 1193 rursus
1085 1163 1114 1192 in
1127 1168 1142 1192 2

129 1210 261 1235 montem
274 1210 476 1235 recesserunt.
498 1206 552 1234 XX
564 1206 644 1234 milia
657 1207 805 1235 latronum
818 1210 912 1234 erant.
935 1205 1049 1234 Fundis
1066 1214 1113 1234 sa-

128 1247 272 1283 gittisque
289 1255 421 1284 pugnam
437 1247 593 1276 invadunt.
637 1247 719 1282 Quos
736 1248 806 1276 dum
823 1247 943 1277 obsidet
959 1255 1021 1282 rex,
1039 1246 1116 1276 inter
1127 1252 1143 1276 3

129 1288 372 1325 promptissimos
389 1288 536 1318 dimicans
556 1288 664 1324 sagitta
686 1288 763 1318 ictus
786 1293 847 1323 est,
874 1288 997 1324 quaein
1014 1288 1113 1318 medlo

128 1338 216 1359 crure
232 1331 293 1359 fixa
308 1330 471 1367 reliquerat
485 1330 644 1367 spiculum.
665 1331 749 1359 Illum
767 1330 889 1366 quidem
904 1329 1011 1359 maesti
1028 1334 1057 1359 et
1072 1334 1113 1359 at-
1128 1334 1143 1358 4

128 1371 213 1401 toniti
227 1372 410 1401 Macedones
427 1373 455 1401 in
479 1377 579 1401 castra
598 1372 783 1401 referebant:
812 1372 867 1400 sed
890 1380 945 1400 nec
966 1372 1114 1400 barbaros

129 1413 233 1443 fefellit
248 1414 416 1443 subductus
433 1422 470 1442 ex
486 1414 566 1443 acie:
594 1414 708 1450 quippe
731 1422 769 1443 ex
791 1413 871 1442 edito
889 1416 990 1442 monte
1006 1417 1114 1442 cuneta

128 1460 360 1492 prospexerant.
378 1457 482 1492 Itaque
496 1459 618 1492 postero
633 1455 681 1484 die
695 1455 804 1484 misere
818 1456 935 1491 legatos
948 1455 987 1483 ad
1001 1463 1113 1492 regem,
1127 1460 1141 1482 b

127 1505 206 1533 quos
222 1497 272 1526 ille
287 1497 425 1533 protinus
441 1497 530 1526 iussit
546 1496 661 1526 admitti
677 1497 847 1533 solutisque
864 1496 983 1531 fasciis,
1001 1495 1112 1532 magni-

126 1538 261 1567 tudinem
276 1539 411 1568 vulneris
427 1538 633 1573 dissimulans,
651 1547 720 1568 crus
736 1538 873 1567 barbaris
891 1538 1032 1567 ostendit.
1069 1536 1113 1565 Illi
1125 1541 1141 1566 6

126 1579 202 1609 iussi
229 1580 391 1610 considere
413 1581 579 1616 affirmant,
606 1589 667 1610 non
695 1580 878 1609 Macedones
912 1587 1002 1616 quam
1024 1578 1111 1615 ipsos

126 1621 274 1651 tristiores
291 1621 395 1656 fuisse,
413 1621 535 1659 cognito
547 1623 673 1652 vulnere
685 1621 799 1659 ipsius:
816 1621 902 1651 cuius
919 1621 944 1650 si
956 1625 1112 1650 auctorem

125 1663 348 1700 repperissent,
377 1664 534 1693 dedituros
559 1664 669 1693 fuisse:
697 1672 765 1693 eum
788 1663 845 1692 diis
872 1662 951 1692 enim
976 1670 1111 1699 pugnare

125 1704 292 1741 sacrilegos
314 1709 437 1735 tantum.
480 1705 617 1735 Ceterum
641 1714 674 1735 se
696 1709 815 1742 gentem
837 1704 865 1733 in
883 1704 972 1734 fidem
990 1704 1138 1736 dedere?
