1215 1895
180 104 251 133 LlB.
268 104 308 132 lv
342 103 423 132 CAP.
441 104 460 138 l,
476 103 649 133 :sa—CAR
666 103 699 137 11,
718 107 759 133 10.
777 105 824 132 (Ν,
843 106 901 126 5-8-
923 105 962 132 Ζ-]
1048 103 1088 133 33

92 187 209 218 cesque
225 178 430 208 memorabilis
453 177 572 207 facilius
595 177 772 208 societatem
789 179 955 208 Alexandri
977 187 1087 217 aecep-

93 225 159 251 tura
173 221 350 255 videbatur,
367 228 456 256 quarn
473 218 642 256 imperium.
681 219 831 249 Coronam
853 220 943 257 igitur
963 228 1088 251 auream

92 264 206 293 donum
223 261 313 299 legati
344 260 511 292 afferebant
539 265 791 298 commeatusque
807 262 890 299 large
907 267 936 292 et
951 262 1086 300 hospita·

64 309 82 336 3
93 304 158 334 liter
174 313 212 333 ex
229 303 344 340 oppido
361 303 558 332 advexerant.
581 303 633 332 Ille
647 303 737 337 dona,
755 307 785 332 ut
801 304 838 332 ab
855 303 971 339 amicis,
988 304 1087 342 accipi

93 346 182 376 iussit
196 345 390 382 benigneque
410 345 528 381 legatos
544 344 696 374 allocutus
712 344 843 380 Herculi,
861 353 952 382 quem
969 346 1087 383 praeei-

93 395 153 424 pue
168 386 249 426 Tyrii
265 387 413 420 colerent,
438 385 613 415 sacrificare
629 386 707 415 velle
723 394 757 416 se
773 386 864 416 dixit:
886 387 1087 417 Macedonum

92 437 180 466 reges
197 429 332 463 credere,
349 428 387 457 ab
403 427 453 457 illo
471 428 528 457 deo
546 427 632 464 ipsos
645 436 742 464 genus
760 429 888 458 ducere:
906 437 940 459 se
955 437 1039 465 vero,
1057 435 1088 459 ut

63 477 79 503 4
92 471 121 500 id
134 471 256 507 faceret,
268 470 358 500 etiam
371 470 495 499 oraculo
507 469 663 499 monitum.
684 470 788 507 Legati
800 471 999 508 respondent,
1017 479 1087 501 esse

91 513 236 550 templum
248 511 387 542 Herculis
400 516 485 541 extra
497 511 601 541 urbem
614 511 643 540 in
657 520 692 540 ea
706 512 789 546 sede,
803 521 894 548 quam
906 512 1087 551 Palaetyron

62 560 78 585 5
92 554 151 591 ipsi
172 558 299 584 vocent:
326 553 367 583 ibi
389 561 492 590 regem
514 553 572 583 deo
595 561 716 583 sacrum
742 553 798 583 rite
820 554 978 584 facturum.
1022 555 1086 584 Non

91 595 186 626 tenuit
200 595 273 625 iram
289 595 473 631 Alexander,
490 595 578 624 cuius
594 595 708 632 alioqui
724 599 835 632 potens
852 604 912 625 non
930 600 1002 626 erat.
1030 597 1086 626 Ita-

94 645 162 675 que,
171 637 226 669 Vos
237 638 362 675 quidem,
376 636 481 674 inquit,
497 638 611 673 fiducia
629 639 694 673 loci,
711 638 790 674 quod
807 640 934 668 insulam
953 639 1086 672 incolitis,

91 680 255 717 pedestrem
272 680 351 709 hunc
367 681 528 709 eaeercimm
540 681 694 716 spernitis:
711 680 765 708 sed
781 679 863 710 brevi
878 681 1037 716 ostendam,
1056 681 1086 709 in

88 723 248 752 continenti
257 730 305 751 vos
316 730 386 751 esse.
419 721 550 751 Proinde
566 723 666 750 sciatis
683 723 756 756 licet,
777 725 830 750 aut
845 723 1025 752 intraturum
1042 730 1088 751 me

63 764 191 796 §urbem
213 767 266 792 aut
286 767 534 800 oppuqnaturum.
580 763 653 791 Cum
679 762 737 792 hoc
763 771 916 800 responso
941 763 1086 793 dimissos

92 812 215 835 monere
230 804 319 835 amici
341 808 523 841 coeperunt,
549 809 581 833 ut
602 812 721 841 regem,
750 812 841 841 quem
863 805 968 844 Syria,
995 813 1086 842 quem

91 847 244 877 Phoenice
265 845 450 883 recepisset,
472 846 533 884 ipsi
555 854 680 883 quoque
696 846 802 876 urbem
816 846 929 877 intrare
946 851 1084 884 pateren-

64 894 79 922 7
92 893 147 920 tur.
183 889 223 918 At
236 887 278 918 illi
294 889 363 918 loeo
379 888 454 918 satis
471 888 519 918 fisi
535 887 727 918 obsidionem
745 889 824 917 ferre
840 889 1050 918 decreverant.

179 929 225 966 (8)
256 930 394 967 Namque
416 930 521 960 urbem
543 938 560 959 a
578 929 744 960 continenti
761 935 903 969 quattuor
919 930 1086 961 stadiorum

94 973 201 1002 fretum
222 971 343 1002 dividit:
369 971 475 1002 Africo
496 971 628 1001 maxime
650 971 802 1002 obiectum
824 973 948 1003 crebros
972 981 1009 1002 ex
1025 973 1085 1002 alto

63 1021 81 1049 8
93 1013 204 1044 fluctus
219 1013 248 1043 in
265 1013 335 1044 litus
351 1013 473 1044 evolvit.
509 1014 571 1043 Nec
587 1013 768 1051 accipiendo
791 1014 893 1051 operi,
911 1023 971 1052 quo
984 1014 1084 1044 Mace-

93 1056 188 1086 dones
204 1055 369 1086 continenti
386 1055 516 1085 insulam
531 1055 657 1093 iungere
673 1055 828 1093 parabant,
847 1056 1012 1093 quicquam
1025 1064 1084 1084 ma-

93 1097 139 1134 gis
178 1105 267 1134 quam
283 1097 332 1126 ille
348 1101 457 1127 ventus
473 1097 622 1127 obstabat.
660 1097 780 1134 Quippe
803 1097 853 1127 vix
874 1097 934 1127 leni
956 1101 985 1127 et
1006 1102 1084 1128 tran-

94 1138 187 1176 quillo
204 1138 278 1168 inari
293 1139 390 1168 moles
406 1138 455 1175 agi
471 1143 618 1176 possunt:
644 1138 768 1168 Africus
790 1147 862 1169 vero
879 1139 976 1176 prima
993 1147 1085 1176 quae-

95 1188 154 1217 que
169 1184 324 1218 congesta,
341 1181 433 1217 pulsu
448 1180 527 1210 illiso
543 1180 627 1215 mari,
643 1180 769 1216 subruit,
786 1189 842 1210 nec
855 1182 916 1210 ulla
928 1186 988 1211 tarn
1000 1182 1084 1211 firma

94 1222 189 1251 moles
205 1226 260 1258 est,
277 1229 367 1259 quam
383 1229 443 1251 non
459 1223 591 1251 exedant
605 1222 715 1257 undae,
731 1226 760 1251 et
775 1230 831 1259 per
846 1231 944 1253 nexus
958 1231 1084 1260 operum

93 1267 249 1294 manantes
264 1268 302 1300 et,
319 1263 369 1292 ubi
381 1263 480 1293 acrior
492 1263 582 1293 ssatus
598 1263 703 1299 extitit,
719 1264 827 1293 summi
844 1264 947 1302 operis
964 1264 1085 1302 fastigio

65 1305 285 1342 9superl'usae.
330 1305 452 1335 Praeter
474 1305 552 1335 hanc
576 1305 783 1335 difficultatem
805 1306 887 1336 haud
907 1306 1006 1337 minor
1027 1307 1086 1336 alia

92 1351 170 1377 erat:
198 1355 302 1377 muros
329 1352 489 1384 turresque
515 1347 599 1377 urbis
623 1348 792 1385 praealtum
814 1356 896 1378 mare
918 1349 1084 1379 ambiebat:

93 1396 153 1419 non
179 1393 327 1419 tormenta
347 1388 406 1419 nisi
428 1397 445 1418 e
470 1389 599 1419 navibus
620 1389 727 1426 procul
749 1398 884 1420 excussa
906 1390 996 1427 mitti,
1024 1399 1083 1420 non

93 1431 194 1460 scalae
215 1430 376 1461 moenibus
398 1431 547 1468 applicari
569 1435 724 1468 poterant:
750 1441 903 1470 praeceps
929 1432 959 1462 in
987 1433 1083 1462 salum

92 1480 196 1502 murus
211 1473 355 1510 pedestre
370 1473 572 1510 interceperat
587 1473 657 1503 iter=
680 1481 777 1504 naves
800 1482 856 1504 nec
873 1474 1005 1504 habebat
1032 1481 1086 1504 rex

92 1518 129 1549 et,
147 1514 173 1544 si
188 1514 384 1551 admovisset,
402 1516 572 1552 pendentes
586 1519 615 1544 et
630 1515 788 1546 instabiles
804 1515 972 1546 missilibus
987 1515 1087 1546 arceri

92 1559 239 1593 poterant.

55 1601 88 1628 1⁰
175 1599 255 1628 Inter
271 1607 349 1636 quae
364 1607 460 1636 parva
477 1598 559 1629 dictu
574 1607 624 1629 res
639 1599 800 1638 Tyriorum
815 1599 959 1629 fiduciam
975 1608 1089 1629 accen·-

93 1638 144 1669 dit.
180 1640 471 1678 Carthaginiensium
488 1641 578 1678 legati
594 1642 633 1670 ad
652 1641 868 1671 celebrandum
890 1650 1010 1671 sacrum
1032 1650 1084 1671 an-

93 1680 290 1712 niversarium
306 1691 391 1713 more
407 1683 504 1720 patrio
523 1688 593 1713 tunc
617 1688 776 1713 venerant:
799 1684 914 1721 quippe
930 1684 1081 1721 Carthagi⁴

94 1730 162 1751 nem
190 1723 270 1762 Tyrii
300 1724 517 1757 condiderunt,
553 1733 675 1762 semper
709 1730 868 1762 parentum
904 1727 972 1756 loco
1003 1726 1083 1756 culti.

136 1772 215 1793 cunr.
238 1774 292 1794 arf
857 1767 876 1795 3
