1215 1905
204 175 275 204 LlB.
291 174 356 203 Vll.
374 173 455 204 CAP.
472 173 536 210 Vll,
551 177 654 204 6—-30.
677 183 736 210 [vn.
750 183 833 205 20-32.
846 182 885 209 z.]
1000 172 1060 203 163

64 251 242 282 Macedaues
254 252 352 280 animo
364 251 406 279 uli
414 257 491 283 meo,
516 250 628 284 dubito,
651 250 736 285 quia,
760 258 799 278 ex
816 257 872 286 quo
886 250 941 279 hoc
955 251 1060 278 vulnus

24 298 57 325 19
64 295 182 330 accepi,
200 301 257 322 non
271 301 343 329 equo
356 295 452 321 veclus
466 300 544 327 sum,
562 300 620 320 non
635 292 761 328 pedibus
777 293 935 326 inaressus.
957 291 1019 321 Sed
1034 292 1060 320 si

63 344 108 365 me
119 336 202 372 sequi
213 336 310 369 vullis,
334 335 423 369 valeo,
436 335 533 363 cunici.
575 333 655 362 Satis
672 334 777 362 virium
792 337 836 362 est
850 334 893 362 ad
902 333 1058 362 toleranda

64 379 137 406 ista:
159 381 223 412 aut,
242 378 269 405 si
282 378 340 405 iam
356 376 440 405 adest
451 377 526 405 vilae
539 384 620 404 meae
628 376 711 410 sinis,
731 376 760 403 in
773 382 829 411 quo
840 375 958 405 landem
971 383 1060 412 opere

64 421 167 449 melius
178 420 339 454 extinquar
346 416 362 447 ,Ρ

21 465 56 491 2ο
142 459 209 495 (31)
221 460 304 488 Haec
318 467 431 496 quassa
444 459 544 489 adhuc
556 466 642 494 voce,
657 458 874 494 subdeficiens,
889 459 938 488 vix
953 458 1057 495 proxi-

65 502 121 532 mis
137 501 387 535 exaudientibus,
405 501 537 535 dixerat,
555 508 647 537 <linum
664 509 770 530 omncs
786 510 804 530 a
821 506 880 530 tam
895 499 1056 538 praecipiti

22 549 53 574 21
64 543 193 573 consilio
209 551 312 580 regem
328 543 482 572 deterrere
495 547 673 578 coeperunt,
689 542 833 580 Erigyius
847 542 987 577 maxime,
1005 542 1056 578 qui

64 586 145 615 haud
159 593 234 615 sane
246 584 424 614 auctoritate
436 583 603 621 proficiens
616 584 701 621 apud
717 584 902 614 obstinatum
921 584 1053 614 animum

65 627 324 664 superstitionem,
341 626 428 656 cuius
443 630 555 664 potens
571 634 632 655 non
648 630 713 655 erat
727 634 792 661 rex,
808 626 944 656 incutere
960 630 1055 655 tenta-

64 669 107 698 vit
129 668 276 703 dicendo,
299 669 376 698 deos
399 676 524 705 quoque
551 668 673 698 obstare
700 668 828 698 consilio
851 675 1056 705 magnumque

21 710 245 749 ‘32periculum‚
263 710 289 739 si
304 709 417 740 flumen
434 709 610 745 transisset,
627 710 757 739 ostendi.
791 710 915 740 Intranti
930 709 1055 747 Erigyio

63 752 293 782 tabernaculum
320 751 401 788 regis
430 752 611 781 Aristander
640 757 830 786 occurrerat,
861 752 956 781 tr1stia
986 756 1057 780 exta

65 794 160 824 fuisse
182 793 375 830 significans:
397 794 474 823 haec
496 802 534 823 ex
557 798 626 823 vate
649 799 805 830 comperta
819 794 963 832 Erigyius
980 802 1055 822 nuu-

23 836 163 867 23tiabat.
207 835 272 872 Quo
289 835 415 864 inhibito
431 836 608 864 Alexander
624 844 684 865 non
701 835 745 864 ira
761 837 875 870 solum,
893 836 949 865 sed
966 835 1055 864 etiam

64 878 181 915 pudore
195 877 358 912 confusis
376 877 460 913 quod
477 877 670 914 superstitio,
687 886 777 913 quam
795 879 955 912 celaverat,
973 878 1055 906 dete-

22 920 202 957 angebatur,
217 919 431 948 Aristandrum
446 919 550 948 vocari
567 919 658 948 iubet.
700 919 755 955 Qui
772 924 804 949 ut
819 920 916 956 venit,
932 919 1054 949 intuens

63 970 148 995 eum,
164 961 229 990 Non
241 970 313 996 rex,
330 961 441 997 inquit,
457 962 511 990 sed
516 963 652 998 privatus
663 970 735 990 sum.
758 961 944 998 Sacrificium
957 965 989 991 ul
996 962 1035 997 fa

63 1012 153 1037 ceres,
166 1003 321 1031 mandavi:
333 1003 406 1038 quid
415 1011 448 1032 eo
457 1004 691 1039 portenderetur,
703 1013 758 1033 cur
770 1005 854 1040 apud
864 1006 954 1034 alium
967 1012 1053 1040 quam

62 1045 147 1082 apud
166 1053 211 1073 me
230 1044 383 1081 professus
394 1043 447 1073 es?
473 1045 613 1082 Eriwius
632 1054 747 1075 arcana
765 1054 830 1075 mea
848 1050 876 1075 el
889 1050 1010 1080 secreta,
1030 1051 1056 1074 te

59 1087 204 1124 prodente
213 1108 220 1121 ‚
235 1088 376 1122 coynovil.
422 1086 510 1120 Quem
521 1090 631 1116 certum
643 1088 808 1117 mehercule
819 1088 910 1117 habeo
922 1091 1055 1116 extorum

38 1131 220 1165 5interprete
231 1130 274 1157 uti
283 1132 359 1157 metu
373 1136 434 1157 suo.
461 1128 526 1157 Tz'bz'
536 1132 647 1164 autem,
665 1131 840 1165 quiscilias,
865 1138 952 1166 qnam
961 1134 1056 1166 potest

63 1174 121 1207 [ιἰιε,
142 1172 371 1204 interpretaberis]‚
389 1170 540 1203 denuntio,
564 1172 624 1207 ipse·
643 1171 716 1200 milti
735 1172 861 1205 indices,
887 1171 960 1207 quid
980 1172 1056 1200 extis

38 1213 238 1249 ficoqnoveris,
251 1219 287 1240 ne
294 1213 392 1248 possis
403 1213 534 1247 infitiari,
547 1213 672 1247 dixisse,
686 1221 762 1249 quae
774 1213 896 1242 dixeris.
933 1213 986 1241 Ille
1002 1220 1054 1241 ex-

64 1253 190 1290 sanguis
205 1252 395 1289 attonitoque
412 1253 518 1282 similis
535 1254 649 1288 stabat,
672 1262 727 1291 per
742 1259 854 1284 metum
870 1254 960 1284 etiam
976 1262 1054 1283 voce

62 1302 248 1332 suppressa:
271 1294 469 1332 tandemque,
493 1296 602 1324 eodem
618 1301 697 1325 metu
715 1297 902 1331 stimulante,
918 1304 956 1325 ne
972 1296 1055 1332 regis

63 1337 307 1374 expectationem
322 1341 507 1372 moraretur,
528 1338 648 1374 Maym',
671 1338 783 1375 inquit,
806 1339 924 1373 laboris,
936 1347 994 1368 non
1006 1340 1054 1367 ir-

61 1381 114 1408 riti
123 1380 281 1408 discrimen
292 1380 404 1408 instare
411 1379 572 1415 praedixi:
585 1388 638 1409 nec
652 1388 697 1409 me
710 1389 761 1409 ars
772 1389 838 1410 mea
846 1404 853 1415 ,
869 1389 957 1417 quam
969 1381 1054 1410 beni-

28 1425 53 1451 27
62 1422 186 1450 volentia
199 1421 360 1456 perturbat.
404 1421 608 1456 Infirmitatem
628 1423 802 1451 valetudinis
824 1428 892 1451 tuae
913 1423 996 1451 video
1017 1426 1052 1452 et,

62 1464 247 1499 quantumin
260 1470 318 1491 uno
332 1466 359 1491 te
372 1464 424 1497 sit,
447 1464 515 1492 scio.
555 1464 680 1497 Vereor,
703 1472 740 1493 ne
753 1465 905 1500 praesenti
912 1464 1055 1499 fortunae

30 1507 130 1534 ismae
147 1504 286 1539 sufficere
302 1511 361 1533 non
374 1506 478 1540 possis.
514 1505 580 1534 Rex
603 1505 720 1534 iussum
742 1506 897 1534 confidere
920 1504 1052 1534 felicitati

64 1553 138 1575 suae
160 1544 276 1574 remisit
297 1545 335 1573 ad
358 1553 461 1574 sacra:
489 1545 546 1575 sibi
568 1547 606 1575 ad
629 1546 755 1582 gloriam
776 1547 947 1576 concedere
966 1546 1053 1575 deos.

64 1586 252 1616 Consultanti
268 1586 338 1615 inde
355 1594 423 1616 cum
439 1586 556 1622 iisdem,
573 1596 705 1624 quonam
719 1589 811 1618 modo
829 1588 940 1618 flumen
956 1592 1053 1617 trans-

63 1629 156 1664 irent,
179 1629 358 1664 supervenit
379 1628 575 1664 Aristander,
602 1638 662 1658 non
683 1630 759 1659 alias
782 1630 908 1660 laetiora
923 1635 994 1659 exta
1010 1629 1053 1658 vi-

65 1671 149 1700 disse
171 1678 206 1700 se
228 1670 400 1705 affirmans,
425 1670 531 1707 utique
552 1670 705 1707 prioribus
722 1672 812 1709 longe
828 1672 964 1701 diversa:
991 1676 1053 1701 tuin

64 1711 277 1742 sollicitudinis
290 1720 401 1742 causas
412 1712 603 1749 apparuisse,
620 1721 699 1742 nunc
713 1722 840 1750 prorsus
853 1713 975 1750 egregie
989 1713 1053 1742 lita-

64 1759 124 1784 tum
139 1762 219 1783 esse.

138 1795 205 1831 (32)
228 1795 381 1832 Ceterum,
404 1804 482 1833 quae
500 1796 631 1826 subinde
647 1796 866 1868 nuntiatalsltmt
883 1794 962 1834 regi,
979 1804 1051 1825 con-

39 1801 56 1825 Ο
