1215 1905
171 74 244 104 LlB.
260 75 297 104 V.
314 74 395 104 CAP.
412 74 474 110 XII,
492 71 646 104 1—CAP.
660 74 735 111 XIII,
751 78 776 104 3.
793 84 832 111 [ν,
851 84 936 107 32-35.
958 83 996 110 z.)
1043 74 1105 105 103

111 154 143 179 ut
163 150 292 186 decebat,
312 151 373 187 fide
389 151 529 180 exhibita.
565 150 630 186 Eyo
647 151 695 180 hic
712 152 804 187 leqem
819 151 883 186 sati
898 151 956 180 mei
972 156 1104 188 expecto.

111 192 249 221 Forsitan
261 193 386 227 mireris,
399 193 478 229 quod
489 193 576 221 vitam
587 200 645 221 non
655 193 758 228 finiam
766 203 775 220 .·
785 193 882 222 alieno
893 194 1003 222 scelere
1014 201 1103 229 quam

74 237 171 263 tameo
182 235 260 263 mori
268 235 354 263 malo.
377 234 450 263 Post
461 233 540 262 hanc
558 241 665 263 vocem
681 234 779 270 spado
796 233 910 270 gemitu
925 242 986 263 non
1003 234 1101 263 taber—

112 276 252 305 naculum
265 275 366 311 modo,
379 275 435 305 sed
446 275 535 304 etiam
544 278 644 304 castra
652 274 825 312 complevit.
841 276 981 312 Irrupere
990 275 1102 305 deinde

111 315 161 345 alii
177 316 380 353 laceratisque
397 316 535 346 vestibus
551 316 670 353 lugubri
684 321 713 346 et
724 317 854 346 barbaro
868 317 983 346 ululatu
998 324 1101 354 regem

70 362 102 388 13
111 358 272 394 deplorare
287 363 465 395 coeperunt.
488 358 607 393 Persae,
625 358 664 387 ad
680 358 749 388 illos
766 359 898 388 clamore
913 359 1041 395 perlato,
1058 362 1100 387 at-

112 399 197 429 toniti
211 404 293 430 metu
308 408 365 429 nec
381 408 464 430 arma
480 408 607 436 capere,
631 408 668 429 ne
684 399 713 428 in
725 400 904 430 Bactrianos
921 399 1101 436 inciderent,

112 449 169 470 nec
191 441 350 478 quiescere
371 442 540 476 audebant,
565 449 602 471 ne
623 441 715 479 impie
737 442 882 471 deserere
896 449 1000 479 regem
1017 441 1100 471 vide-

72 487 222 513 lffentur.
255 483 366 513 Varius
393 491 428 513 ac
445 483 591 513 dissonus
607 484 721 512 clamor
737 483 803 512 sine
819 483 897 513 duce
914 491 949 512 ac
965 483 1031 513 sine
1048 483 1098 512 im-

112 524 197 561 perio
215 524 284 554 totis
300 526 407 555 castris
422 525 620 555 referebatur.

191 565 259 604 (34)
280 567 378 596 Besso
401 572 430 596 et
450 566 619 595 Nabarzani
641 566 853 596 nuntiaverant
873 566 936 602 sui,
957 574 1061 602 regem
1083 575 1101 595 a

70 613 101 638 15
112 607 278 645 semetipso
293 608 505 645 interemptum
520 617 601 637 esse.
622 608 764 637 Planctus
781 616 835 638 eos
852 608 1026 644 deceperat.
1043 608 1100 637 Ita-

112 657 172 686 que
188 649 286 679 citatis
301 650 390 686 equis
406 650 564 683 advolant,
582 649 798 685 sequentibus,
816 657 895 686 quos
911 649 951 678 ad
966 649 1100 678 ministe-

111 691 188 720 rium
201 691 327 721 sceleris
341 691 532 728 delegerant:
546 695 575 720 et
588 699 680 727 quum
688 691 916 720 tabernaculum
928 691 1100 727 intrassent,

112 733 183 770 quia
197 741 300 769 regem
316 734 418 762 vivere
431 733 589 769 spadones
601 732 785 768 indicabant,
802 732 1021 769 comprehendi
1036 733 1100 761 vin-

69 779 101 806 16
109 774 224 811 cirique
240 775 403 804 iusserunt.
427 775 493 804 Rex
509 782 599 803 curru
613 775 705 810 paulo
721 778 791 804 ante
806 778 913 804 vectus
929 778 964 813 et.
974 775 1101 804 deorum

109 816 254 853 auspiciis
270 824 306 844 ac
322 816 386 845 suis
403 815 571 845 honoribus
587 816 699 851 cultus,
722 816 805 845 nulla
827 820 952 845 externa
974 824 1033 852 ope
1048 817 1097 845 ad-

111 861 199 893 mota,
215 858 354 894 captivus
371 865 531 886 servorum
547 865 687 892 suorum,
704 856 734 886 in
750 857 910 886 sordidum
927 857 1100 887 vehiculum

70 904 99 931 17
110 899 240 936 pellibus
261 899 396 935 undique
422 902 594 928 contectum
615 899 788 935 imponitur.
824 898 958 928 Pecunia
973 899 1055 936 regis
1072 904 1101 928 et

111 941 250 978 supellex
266 941 354 978 quasi
370 941 439 970 belli
461 942 526 970 iure
548 940 701 977 diripitur:
725 940 888 977 onustique
910 940 1025 977 praeda
1046 948 1102 978 per

71 988 102 1014 18
110 983 212 1013 scelus
225 982 358 1012 ultimum
370 987 458 1019 parta
470 983 572 1019 sugam
584 982 751 1012 intendunt.
774 983 945 1012 Artabazus
961 991 1031 1012 cum
1042 982 1100 1019 his,

111 1025 161 1061 qui
176 1024 304 1062 imperio
319 1025 476 1061 parebant,
492 1023 680 1061 Graecisque
696 1024 839 1054 militibus
852 1024 1031 1054 Parthienen
1047 1032 1100 1062 pe—

69 1066 199 1101 l9tebat‚
215 1066 317 1096 omnia
332 1066 442 1096 tutiora
458 1065 678 1103 parricidarum
694 1066 830 1096 contuitu
851 1070 946 1096 ratus.
986 1066 1100 1096 Persae

109 1107 272 1144 promissis
287 1107 377 1137 Bessi
400 1108 531 1143 onerati,
558 1107 704 1143 maxime,
733 1107 805 1144 quia
825 1116 914 1138 nemo
931 1108 1009 1137 alius
1025 1112 1100 1143 erat,

111 1158 202 1186 quem
218 1153 434 1186 sequerentur,
458 1150 644 1178 coniunxere
666 1157 700 1179 se
715 1149 900 1185 Bactrianis,
924 1157 1032 1186 agmen
1048 1157 1101 1179 eo-

66 1195 174 1221 20ru1n
189 1191 276 1221 tertio
293 1191 427 1221 assecuti
444 1191 502 1221 die.
530 1191 573 1220 Ne
585 1195 685 1221 tamen
700 1191 800 1221 honos
816 1191 880 1228 regi
896 1199 957 1221 non
972 1191 1099 1221 habere-

110 1238 171 1267 tur,
193 1232 293 1262 aurcis
316 1233 516 1270 compedibus
538 1233 669 1262 Dareum
691 1232 841 1269 vinciunt,
867 1241 948 1262 nova
969 1233 1100 1262 ludibria

110 1274 240 1304 subinde
256 1274 448 1311 excogitante
464 1275 594 1304 fortuna.
629 1275 666 1304 Et
681 1282 718 1304 ne
735 1275 812 1305 forte
828 1275 911 1305 cultu
926 1274 1010 1312 regio
1027 1283 1100 1312 pos-

111 1320 158 1346 set
172 1315 309 1353 agnosci,
324 1316 459 1346 sordidis
474 1317 604 1353 pellibus
617 1315 791 1346 vehiculum
803 1316 988 1346 intexerant=
1004 1315 1100 1353 ignoti

109 1357 242 1388 iumenta
257 1358 404 1395 agebant,
426 1366 465 1387 ne
486 1358 783 1397 percontantibusgin
799 1358 920 1396 agmine
936 1357 1101 1389 monstrari

107 1404 230 1436 posset:
247 1400 392 1430 custodes
408 1401 516 1437 procul
532 1400 751 1436 sequebantur.

490 1467 511 1496 C
518 1468 545 1496 A
552 1467 583 1495 P.
603 1467 680 1497 XIII.

81 1529 94 1553 l
190 1524 258 1572 (35)
278 1525 462 1561 Alexander,
478 1525 597 1561 audito,
616 1526 748 1556 Dareum
764 1525 900 1555 movisse
915 1526 954 1555 ab
968 1525 1099 1555 Ecbata-

108 1564 171 1601 nis,
195 1574 310 1596 omisso
326 1565 447 1603 itInere,
471 1568 554 1604 quod
575 1568 700 1604 patebat
714 1567 744 1596 in
759 1567 906 1603 Mediam,
932 1567 1098 1605 fugientem

79 1611 96 1637 2
107 1606 227 1644 insequi
240 1608 339 1645 pergit
351 1613 483 1638 strenue.
505 1609 604 1638 Tabas
616 1609 777 1646 (oppidum
793 1613 840 1639 est
851 1609 881 1638 in
893 1609 1097 1639 Paraetacene

107 1648 222 1687 ultima)
238 1651 391 1687 pervenit:
407 1650 448 1680 ibi
460 1651 636 1687 transfugae
648 1650 793 1686 nuntiant,
810 1650 1008 1688 praecipitem
1025 1651 1097 1687 fuga

78 1693 93 1720 3
104 1689 213 1720 Bactra
228 1696 332 1728 petere
350 1691 490 1722 Dareum.
529 1692 662 1722 Certiora
677 1692 788 1722 deinde
809 1692 968 1729 cognoscit
982 1700 1022 1722 ex
1037 1693 1097 1722 Ba—
