1215 1905
137 89 195 120 144
476 89 507 124 Q.
532 89 688 118 CURTII
709 90 817 119 RUFI

216 166 252 194 At
263 166 390 200 hercule,
403 167 495 193 mater
507 165 543 194 de
554 166 634 194 nobis
647 167 771 195 inimicis
783 167 838 194 tuis
850 166 985 203 scripsit!
1005 167 1119 196 Utinam
1126 171 1160 199 36

133 208 307 245 prudentius
318 209 390 235 esset
400 207 524 235 sollicita
531 215 588 243 pro
596 208 657 242 filio
668 211 697 236 et
707 215 763 236 non
776 208 877 236 inanes
888 216 1000 245 quoque
1010 210 1120 245 species

134 250 226 278 anxio
242 249 339 277 animo
356 246 522 284 fiquraret!
551 248 647 282 Quare
663 250 740 278 enim
751 257 809 278 non
820 250 963 279 adscribit
972 254 1062 279 metus
1073 252 1121 279 sui

133 288 277 320 causam?
298 290 422 325 denique
439 298 496 319 non
514 291 639 319 ostendit
649 289 819 319 auctorem?
844 291 903 325 Ouo
911 291 995 326 facto
1007 292 1117 321 dictove

134 335 230 361 nostro
248 336 324 360 mota
339 335 398 359 tam
416 331 549 368 trepidas
569 332 621 360 tibi
636 333 748 361 litteras
769 331 907 369 scripsit?
939 333 961 362 0
982 334 1118 362 miseram
1126 337 1160 365 37

134 374 325 403 conditionem
336 381 429 401 meam
438 395 445 407 ‚
464 374 515 401 cui
524 373 654 408 forsitan
669 381 726 403 non
733 375 929 410 periculosius
940 378 997 410 est,
1013 378 1119 410 tacere,

135 423 220 452 quam
239 413 356 444 dicere!
388 414 448 444 Sed
461 418 605 451 utcunque
619 424 738 444 cessura
749 424 797 445 res
809 419 864 450 est,
885 417 977 452 malo,
1000 416 1053 445 tibi
1063 416 1119 445 de—

135 457 294 494 fensionem
305 464 398 485 meam
410 456 580 492 displicere,
596 465 683 493 quam
694 465 823 486 causam.
856 457 1002 493 Aqnosces
1013 460 1118 493 autem,

135 507 208 535 quae
226 498 358 527 dicturus
376 505 455 526 sum.-
478 499 586 534 quippe
600 500 765 534 meministi,
793 507 879 535 quum
893 508 937 528 me
952 499 994 528 ad
1000 499 1118 536 perdu-

133 540 240 569 cendos
253 548 292 568 ex
304 539 481 568 Macedonia
493 541 596 568 milites
610 542 750 576 mitteres,
772 541 882 569 dixisse
893 545 933 576 le,
952 542 1054 570 multos
1069 541 1119 569 in-

133 586 229 618 teqros
249 582 365 610 iuvenes
388 582 417 610 in
439 581 522 610 domo
543 584 609 610 tuae
630 583 732 611 matris
752 583 899 611 abscondi.
938 582 1160 618 Praecepisti&

133 625 223 659 iyilur
235 623 314 658 mihi,
330 631 366 651 ne
377 631 460 659 quem
470 626 594 659 praeter
605 626 631 652 te
643 625 780 659 intuerer,
795 624 848 652 sed
858 624 1048 653 detrectantes
1059 625 1118 652 mi-

133 666 225 693 litiam
244 664 438 701 perducerem
458 665 500 692 ad
519 668 553 693 te.
605 664 688 699 Quod
703 665 836 701 equidem
854 665 925 700 feci,
947 669 974 694 et
993 665 1121 700 liberius,

134 714 221 742 quam
235 706 409 743 expediebat
423 706 501 741 milti,
516 709 654 736 executus
668 715 730 735 sum
746 710 824 735 tuum
844 708 1006 743 imperium.
1043 707 1121 735 Gor—

130 749 227 784 yiam‚
253 748 432 777 Hecataeum
447 751 474 776 et
490 748 662 783 θονρᾶίαηι,
689 756 810 784 quorum
826 749 900 778 bona
915 756 1005 785 opera
1019 749 1117 783 uteris,

134 790 202 818 inde
215 789 354 826 perduxi.
381 789 457 823 Ouid
471 790 560 825 iqitur
575 791 702 826 iniquius
716 794 766 825 est,
786 798 873 826 quam
888 798 941 824 me,
957 791 1015 826 qui,
1031 791 1058 818 si
1069 789 1159 818 abi39

133 839 190 860 non
204 832 382 867 paruissem,
406 832 470 859 iure
484 831 608 860 daturus
620 831 671 866 fui
679 839 806 867 poenas,
829 840 907 860 nunc
918 832 1033 867 perire,
1050 831 1119 867 quia

131 871 244 910 parui?
276 873 375 908 Neque
388 873 465 901 enim
486 874 546 901 ulla
572 874 634 901 alia
655 874 745 901 matri
764 876 831 902 tuae
849 873 1047 908 persequendi
1066 880 1118 900 nos

132 923 226 944 causa
240 918 290 949 est,
305 922 393 950 quam
407 914 487 950 quod
496 915 645 943 utilitatem
658 918 737 943 tuam
749 915 884 943 muliebri
892 915 1118 950 praeposuimus

132 957 256 993 qratiae.
295 956 356 984 Sex
370 956 451 984 milia
473 955 667 985 Mcoeedb‘num
683 956 816 992 peditum
831 959 859 984 et
872 955 924 984 DC
936 957 1044 991 equites
1059 955 1157 983 ati—40

134 998 218 1033 duxi,
234 1005 356 1033 quorum
368 1005 442 1033 pars
456 1001 593 1026 secutura
607 1005 652 1026 me
666 1005 723 1026 non
738 1001 817 1031 erat⁷
830 999 857 1026 si
869 998 1002 1025 militiam
1019 996 1119 1025 detre-

133 1039 276 1068 ctantibus
287 1039 441 1075 indulqere
456 1040 614 1067 voluissem.
656 1039 794 1075 Sequitur
814 1046 898 1074 erqo,
917 1042 962 1073 ut,
982 1039 1052 1074 quia
1066 1038 1118 1066 illa

131 1084 253 1117 propter
267 1081 345 1109 lianc
360 1088 480 1109 causam
496 1081 636 1109 irascitur
650 1081 738 1116 nobis,
753 1084 783 1109 tu
798 1081 909 1116 mitiqes
923 1083 1054 1115 matrem,
1070 1079 1121 1115 qui

134 1124 197 1151 irae
211 1123 273 1151 eius
288 1130 339 1150 nos
354 1123 486 1151 obtulisti.

570 1190 623 1218 CA
633 1190 663 1218 P.
689 1190 724 1219 ΙΙ.

215 1249 260 1284 (6)
276 1249 354 1277 Dum
369 1248 445 1276 haec
459 1248 607 1285 Amyntas
620 1247 688 1284 agit,
706 1248 782 1277 forte
799 1251 1049 1283 supervenerunt,
1067 1245 1144 1282 quil

135 1291 254 1319 fratrem
271 1289 336 1319 eius
352 1290 558 1325 Polemc‘mem,
574 1289 612 1318 de
629 1297 688 1325 quo
705 1293 773 1318 ante
790 1288 901 1317 dictum
917 1293 978 1322 est,
1002 1287 1118 1324 fugien-

136 1337 194 1361 tem
211 1331 368 1361 consecuti
385 1330 517 1360 vinctum
533 1331 729 1360 reducebant.
753 1330 866 1358 Infesta
882 1329 989 1358 concio
1006 1329 1058 1358 vix
1074 1328 1117 1357 in-

134 1373 230 1402 hiberi
246 1373 352 1409 potuit,
369 1372 440 1409 quin
456 1372 594 1409 protinus
608 1380 663 1401 suo
681 1380 764 1401 more
777 1379 851 1400 saxa
867 1371 895 1400 in
913 1379 981 1400 eum
997 1370 1117 1399 iaceret.

134 1416 235 1451 Atque
251 1414 300 1443 iile
316 1422 390 1443 sane
405 1413 572 1447 interritus,
599 1414 693 1448 Nihil⁷
714 1412 825 1449 inquit,
843 1421 899 1449 pro
911 1421 955 1441 me
967 1413 1118 1449 deprecor,
1131 1415 1146 1440 2

134 1457 217 1486 modo
233 1465 269 1485 ne
279 1457 412 1492 fratrum
428 1458 609 1485 innocentiae
621 1456 700 1491 fuya
715 1457 872 1491 imputetur
887 1462 960 1483 mea.
998 1454 1082 1482 Haec
1096 1455 1122 1482 si

134 1498 259 1533 defendi
278 1506 335 1527 non
352 1501 458 1534 potest,
480 1506 573 1527 meum
595 1499 706 1526 crimen
721 1498 766 1525 sit.
809 1496 920 1525 Horum
932 1496 966 1524 ob
981 1496 1014 1524 id
1026 1496 1120 1531 ipsum

133 1541 235 1568 melior
249 1543 292 1568 est
304 1547 405 1573 causa,
423 1540 501 1575 quod
513 1547 574 1575 eqo,
592 1540 642 1574 qui
651 1538 786 1575 prosum,
802 1541 951 1574 suspectus
966 1545 1037 1565 sum.
1081 1538 1146 1564 At3

134 1581 209 1609 haec
219 1581 338 1610 elocuto
354 1580 498 1609 unimrsa
512 1580 620 1609 concio
636 1588 764 1608 assensa
781 1583 841 1608 est:
859 1578 1000 1607 lacrimae
1009 1577 1119 1606 deinde

134 1621 274 1651 omnibus
295 1630 417 1650 manare
440 1626 621 1658 coeperunt,
643 1621 720 1650 adeo
743 1620 772 1649 in
796 1619 977 1649 contrarium
992 1623 1118 1655 repente

135 1662 270 1698 mutatis,
297 1668 328 1692 ut
350 1664 448 1692 solum
470 1672 525 1700 pro
548 1672 584 1692 eo
608 1667 704 1698 esset,
731 1662 813 1698 quod
834 1661 964 1690 maxime
980 1661 1118 1689 laeserat.

135 1703 254 1734 Iuvenis
282 1709 345 1733 erat
371 1704 467 1741 primo
490 1704 596 1733 aetatis
619 1704 695 1733 flore
716 1704 905 1740 pubescens,
932 1710 1022 1739 quem
1045 1701 1147 1731 inter-1
