1215 1905
99 41 160 73 104
441 39 474 75 Q.
497 39 651 68 CURTII
671 39 780 69 RUFI

93 118 211 156 gistzine
232 114 421 152 Babylonio:
448 122 508 143 non
528 113 669 150 equidem
684 112 818 142 vinctum
832 121 949 150 regem,
977 115 1076 144 sedin

94 157 231 194 periculo
249 163 319 185 esse
334 159 385 184 aut
400 154 505 185 mortis
521 159 573 184 aut
587 155 776 184 vinculorum
791 155 969 185 affirmabat.
1002 156 1077 192 Rex,
1090 161 1105 187 4

95 198 224 227 ducibus
241 196 427 234 convocatis,
443 197 617 232 Maximum,
633 196 738 233 inquit,
755 205 836 233 opus,
850 197 903 226 sed
913 197 996 226 labor
1007 198 1077 227 bre—

94 241 225 269 vissimus
236 241 378 276 superest.
409 239 526 268 Dareus
536 239 621 267 haud
626 240 734 275 procul
750 239 900 268 destitutus
916 246 935 266 a
951 240 1012 268 suis
1029 242 1080 268 aut

93 289 259 317 oppressus.
281 280 320 309 In
331 281 381 309 illo
391 288 514 317 corpore
520 282 618 317 posita
629 283 672 310 est
681 283 782 308 nostra
799 281 935 315 victoria,
951 284 979 309 et
996 283 1078 309 tanta

92 330 141 351 res
163 323 320 351 celeritatis
341 325 384 351 est
400 322 576 358 praemium.
617 320 728 350 Omnes
749 320 861 357 pariter
880 321 1107 357 conclamant,5

94 367 219 401 paratos
235 363 322 403 ipsos
338 363 441 399 sequi:
458 370 514 391 nec
525 361 622 391 labori
634 370 690 391 nec
703 362 838 398 periculo
852 366 999 399 parceret.
1022 363 1079 399 lgi-

94 410 142 434 tur
156 405 266 442 raptim
281 412 389 441 agmen
405 412 515 433 cursus
530 403 626 440 magis
643 412 733 440 quam
748 403 863 433 itineris
879 404 970 433 modo
987 404 1077 438 ducit,

94 453 132 475 ne
154 450 303 476 nocturna
330 446 451 482 quidem
476 445 577 482 quiete
599 444 738 474 diurnum
759 445 892 474 laborem
914 445 1078 474 relaxante.

95 488 199 524 ltaque
222 487 385 524 quingenta
408 487 506 516 stadia
528 487 692 523 processit,
716 490 956 523 perventumque
971 490 1036 515 erat
1050 485 1107 516 in6

94 528 208 564 vicum,
231 528 261 557 in
278 536 338 565 quo
357 528 487 557 Dareum
501 528 617 557 Bessus
634 528 915 564 comprehenderat.
960 527 1002 556 lbi
1017 527 1078 556 Me·
1091 532 1106 558 7

94 571 155 605 lon,
166 570 255 599 Darei
267 569 427 605 interpres,
445 569 603 606 excipitur.
617 569 750 605 Corpore
762 577 853 605 aeger
865 577 925 598 non
940 571 1080 605 potuerat

94 619 201 648 agmen
217 609 343 646 assequi
359 614 388 639 et
403 610 615 647 deprehensus
632 609 879 646 celeritate‘regis
892 610 1079 646 transfugam

95 660 128 682 se
144 660 215 681 esse
231 651 400 681 simulabat.
442 652 488 680 Ex
503 651 562 681 hoc
577 655 645 680 aeta
660 650 827 687 cognoscit.
871 650 932 680 Sed
948 651 1079 687 fatigatis

95 693 270 723 necessaria
281 693 369 730 quies
382 697 455 722 erat.
471 693 577 729 ltaque
589 692 715 722 delectis
729 692 861 729 equitum
876 700 932 722 sex
945 692 1075 727 milibus
1089 696 1107 723 8

95 739 262 771 trecentos,
280 742 358 771 quos
372 734 527 764 dimachas
543 734 750 771 appellabant,
766 733 916 770 adiungit:
940 734 1032 763 dorso
1048 734 1078 762 hi

94 777 234 814 graviora
247 784 330 805 arma
340 776 509 813 portabant,
524 779 656 804 ceterum
668 774 757 811 equis
769 775 971 804 vehebantur:
986 783 1078 811 quum

95 826 144 848 res
160 819 310 854 locusque
324 821 476 854 posceret,
493 816 645 853 pedestris
661 816 743 845 acies
760 820 833 845 erat.

172 859 238 894 (36)
258 859 340 888 Haec
353 863 490 895 agentem
505 858 712 887 Alexandrum
728 858 840 887 adeunt
853 857 969 887 Orsilos
983 861 1012 887 et
1022 857 1077 886 Mi·
1090 861 1106 887 9

93 901 268 937 thracenes,
286 900 337 937 qui
351 900 441 929 Bessi
454 899 647 936 parricidium
663 899 750 928 exosi
765 900 989 936 transfugerant
1003 907 1078 928 nun-

94 942 285 978 tiabantque,
311 941 409 971 stadia
434 942 457 970 D
485 942 595 970 abesse
615 941 738 970 Persas:
765 942 851 977 ipsos
878 940 1001 970 brevius
1024 940 1079 969 iter

75 988 77 990 ’
95 987 327 1023 monstraturos.
371 983 480 1012 Gratus
500 983 565 1019 regi
590 983 740 1012 adventus
767 983 990 1019 transfugarum
1016 981 1120 1012 fuit.10

94 1026 199 1062 ltaque
215 1024 311 1061 prima
326 1032 465 1061 vespera,
482 1024 610 1054 ducibus
626 1024 743 1060 iisdem,
760 1032 827 1053 cum
839 1023 982 1060 expedita
993 1023 1078 1060 equi-

96 1071 156 1096 tum
171 1075 262 1095 manu
276 1070 473 1096 monstratam
493 1065 572 1095 viam
592 1065 774 1102 ingreditur,
795 1066 961 1102 phalange,
984 1072 1077 1101 quan-

94 1112 157 1137 tum
173 1107 316 1137 festinare
331 1111 453 1145 posset,
471 1108 557 1144 sequi
572 1107 666 1136 iussa.
708 1108 780 1143 Ipse
797 1107 943 1143 quadrato
959 1105 1079 1142 agmine

94 1149 241 1178 incedens
263 1149 304 1179 ita
327 1157 449 1178 cursum
469 1149 607 1185 regebat,
633 1153 666 1178 ut
688 1148 775 1185 primi
797 1148 941 1185 coniungi
966 1147 1077 1177 ultimis

94 1195 232 1227 possent.
264 1190 332 1219 CCC
348 1190 447 1220 stadia
462 1194 692 1227 processerant,
710 1198 802 1226 quum
818 1190 948 1219 occurrit
962 1189 1116 1219 Brocu-ll

94 1232 198 1269 bfflus,
212 1231 328 1261 Mazaei
343 1232 438 1266 filius,
455 1231 563 1269 Syriae
579 1232 733 1268 quondam
749 1235 878 1267 praetor.
907 1232 936 1260 Is
954 1238 1078 1267 quoque

94 1274 252 1310 transfuga
267 1273 438 1309 nuntiabat,
460 1273 590 1302 Bessum
606 1273 686 1302 haud
704 1272 834 1308 amplius
851 1280 941 1309 quam
957 1272 1002 1301 CC
1017 1277 1077 1301 sta-

95 1315 145 1344 dia
161 1315 280 1344 abesse.
303 1314 485 1349 Exercitum,
501 1318 606 1351 utpote
622 1314 687 1352 [qui
704 1314 789 1352 nihil]
807 1318 1018 1351 praecaveret,
1033 1313 1077 1342 in·

96 1356 298 1392 compositum
309 1355 573 1393 inordinatumque
586 1356 763 1392 procedere.
785 1355 968 1393 Hyrcaniam
981 1354 1077 1384 videri

95 1397 253 1434 petituros.
298 1397 330 1426 Si
353 1397 508 1427 festinaret
529 1397 632 1433 sequi,
654 1398 793 1434 palantes
814 1401 1076 1433 superventurum.

94 1440 225 1468 Dareum
241 1439 340 1468 adhuc
357 1438 469 1468 vivere.
500 1438 628 1468 Strenuo
645 1438 780 1474 alioquin
797 1438 992 1474 cupiditatem
1007 1442 1119 1467 con-12

96 1479 246 1517 sequendi
262 1480 418 1517 transfuga
433 1479 585 1510 iniecerat.
629 1481 736 1516 Itaque
751 1478 920 1509 calcaribus
937 1478 1076 1514 subditis,

95 1521 194 1551 effuso
218 1530 310 1551 cursu
331 1526 411 1551 eunt.
454 1522 578 1559 Iamque
600 1520 735 1551 fremitus
756 1520 887 1550 hostium
908 1520 963 1550 iter
977 1519 1075 1555 ingre-

95 1562 240 1592 dientium
255 1563 482 1598 exaudiebatur,
497 1564 552 1593 sed
565 1567 761 1600 prospectum
774 1562 926 1591 ademerat
940 1560 1076 1598 pulveris

95 1605 202 1634 nubes.
231 1604 389 1641 Paulisper
404 1613 476 1642 ergo
492 1605 620 1634 inhibuit
636 1613 771 1640 cursum,
788 1604 886 1632 donec
903 1601 1076 1632 consideret

95 1645 207 1682 pulvis.
247 1646 372 1682 Iamque
389 1647 545 1683 conspecti
567 1655 585 1675 a
605 1645 743 1675 barbaris
758 1649 844 1674 erant
858 1648 889 1674 et
903 1644 1076 1674 abeuntium
1086 1648 1118 1674 3..ss
