1215 1905
145 76 216 105 ΗΒ.
232 76 310 104 vlll.
335 75 416 104 CAP.
430 75 450 109 l,
465 74 638 106 37—CAP.
651 74 685 111 11,
699 77 726 104 8.
743 76 810 102 [V¹¹¹‚
824 76 882 97 4-6-
903 76 940 102 z·]
999 72 1060 104 179

73 156 215 188 terrogat.
248 151 406 180 Eminebat
420 149 509 180 etiam
525 149 554 179 in
573 158 651 179 voce
666 150 808 185 sceleris,
825 150 907 187 quod
923 150 1060 186 parabat,

29 199 62 227 51
70 193 223 224 atrocitas.
259 192 296 222 Et
310 193 360 222 ille
375 192 433 221 iam
449 200 509 222 non
526 200 609 226 suae,
627 192 684 222 sed
697 192 779 228 regis
794 192 857 221 irae
873 199 987 221 memor
1002 190 1058 220 Cli-

29 240 132 268 ssstum
154 242 224 265 esse
246 239 275 264 et
297 234 335 263 de
359 233 499 264 convivio
515 233 599 263 exire
620 233 788 270 respondit.
831 234 913 263 Haec
929 232 1059 262 dicentis

71 278 151 307 latus
174 276 260 306 hasta
283 275 432 305 transfixit
453 275 672 312 morientisque
693 275 842 311 sanguine
858 283 1022 312 aspersuS‚
1042 273 1062 303 J

71 327 158 354 nunc,
173 318 279 355 inquit,
300 318 343 347 ad
351 318 520 354 Philippum
533 321 561 346 et
571 318 793 347 Parmenionem
804 320 834 346 et
843 317 979 346 Αίῑᾶῐιιηι.

471 383 564 411 ΟΛΡ.
587 383 622 412 ΙΙ.

44 449 58 474 1
153 444 199 480 (6)
213 444 292 473 Male
304 443 443 473 humanis
455 443 584 479 ingeniis
598 447 704 472 natura
720 442 882 478 consuluit,
899 442 982 479 quod
995 443 1057 478 ple—

71 494 200 523 rumque
215 494 276 515 non
292 486 406 520 futura,
428 485 483 514 sed
499 489 651 514 transacta
667 485 894 521 perpendimus.
939 483 1058 520 Quippe

71 536 140 562 rex,
164 531 328 565 postquam
342 526 387 555 ira
402 531 501 555 mente
518 527 708 561 decesserat,
731 526 820 555 etiam
835 525 979 555 ebrietate
996 525 1056 554 dis-

71 577 173 604 cussa,
187 568 422 606 magnitudinem
435 568 578 597 facinoris
590 576 658 597 sera
665 567 875 597 aestimatione
889 566 1056 603 perspexit.

42 610 203 641 2Videbat
225 616 310 644 tunc,
336 610 497 639 immodica
519 610 655 639 libertate
678 610 821 644 abusum,
848 609 904 638 sed
920 608 1056 644 alioquin

71 653 226 689 egregium
243 652 321 682 bello
336 652 434 681 virum
450 656 488 687 ct,
505 652 562 680 nisi
579 652 775 681 erubesceret
797 651 896 684 fateri,
921 654 1056 679 servato-

69 702 133 723 rem
149 694 198 724 sui
214 694 359 723 occisum.
383 694 568 723 Detestabile
585 693 736 723 carnificis
752 691 950 722 ministerium
966 699 1056 721 occu-

69 740 196 772 paverat
216 744 286 769 rex,
313 736 472 764 verborum
496 735 661 769 licentiam,
685 743 764 771 quae
781 735 853 763 vino
869 737 989 770 poterat
1004 733 1056 762 im-

0 807 2 818 ,
40 780 58 808 3
69 777 176 814 putari,
193 777 324 806 nefanda
341 777 435 805 caede
450 777 540 805 ultus.
562 777 705 806 Manabat
721 781 782 806 toto
800 775 950 804 vestibulo
967 782 1058 804 cruor

69 819 160 856 paulo
173 823 244 848 ante
257 817 421 847 convivae:
439 817 547 854 vigiles
564 818 680 847 attoniti
694 822 723 847 et
735 817 928 854 stupentibus
942 816 1056 845 similos

70 861 175 898 procul
197 860 331 895 stabant⁷
355 859 589 896 liberioremque
611 859 826 896 poenitentiam
850 858 981 887 solitudo
1005 866 1056 886 ex-

44 905 61 932 4
72 901 212 939 cipiebat.
235 902 315 938 Ergo
331 901 448 930 hastam
465 909 503 930 ex
521 909 651 937 corpore
667 900 792 930 iacentis
810 901 946 929 evulsam
961 903 1056 928 retor-

69 943 108 973 sit
122 943 152 972 in
169 947 264 973 semet
279 943 400 979 iamque
412 943 590 972 admoverat
605 942 731 979 pectori,
749 950 842 979 quum
853 941 998 970 advolant
1012 940 1056 970 vi-

68 984 145 1021 giles
161 989 190 1014 et
204 983 384 1021 repugnanti
400 992 417 1012 e
432 985 572 1014 manibus
588 988 772 1020 extorquent
785 984 1011 1019 allevatumque
1026 982 1056 1011 in

40 1030 57 1056 5
69 1026 296 1056 tabernaculum
312 1026 460 1055 deserunt.
484 1027 536 1054 Ille
547 1026 629 1055 humi
644 1029 852 1062 prostraverat
866 1033 989 1060 corpus,
1004 1032 1056 1060 ge-

69 1067 141 1097 mitu
157 1068 332 1104 eiulatuque
347 1067 512 1096 miserabili
528 1072 620 1097 totum
641 1075 813 1104 personans
834 1066 957 1103 regiam.
999 1066 1055 1094 La-

69 1109 152 1139 niare
174 1109 285 1139 deinde
304 1117 339 1138 os
356 1109 508 1145 unguibus
531 1113 560 1138 et
575 1109 806 1138 circumstantes
821 1116 945 1145 rogare,
968 1115 1006 1137 ne
1022 1116 1056 1136 se

27 1154 57 1185 ,6
69 1154 151 1180 tanto
177 1150 322 1180 dedecori
349 1150 543 1187 superstitem
571 1159 641 1180 esse
670 1154 854 1187 paterentur.
894 1150 974 1178 Inter
1000 1148 1055 1177 has

68 1200 178 1229 preces
191 1198 251 1222 tota
266 1201 326 1221 nox
339 1197 474 1221 extracta
485 1197 540 1221 est.
565 1192 828 1228 Scrutantemque‚
841 1199 910 1220 num
927 1190 970 1220 ira
983 1190 1054 1219 deo-

68 1242 134 1264 rum
149 1234 188 1263 ad
205 1238 316 1263 tantum
333 1234 419 1262 nefas
434 1238 521 1264 actus
537 1239 628 1268 essct,
645 1233 734 1268 subit,
750 1232 991 1262 anniversarium
1006 1240 1053 1261 sa-

68 1275 214 1305 crificium
229 1275 338 1304 Lib5ro
352 1275 430 1304 Patri
447 1284 506 1305 non
523 1283 593 1305 esse
608 1275 759 1304 redditum
775 1279 886 1304 statuto
909 1279 1054 1310 tempore.

67 1317 174 1354 ltaque
195 1318 272 1346 inter
294 1317 394 1346 vinum
418 1322 447 1346 et
468 1318 575 1354 epulas
597 1317 691 1346 caede
714 1316 892 1351 commissa,
915 1316 990 1344 iram
1005 1314 1054 1344 dei

40 1361 55 1388 7
68 1358 164 1388 l'uisse
179 1358 378 1388 manifestam.
423 1358 560 1388 Ceterum
576 1359 672 1394 magis
693 1367 730 1387 eo
753 1358 946 1391 movebatur,
971 1357 1055 1393 quod

67 1400 200 1430 omnium
211 1400 375 1429 amicorum
388 1399 505 1429 animos
517 1400 640 1429 videbat
652 1400 810 1429 attonitos:
825 1399 973 1428 neminem
986 1406 1054 1427 cum

67 1442 136 1478 ipso
159 1442 278 1471 sociare
300 1449 472 1471 sermonem
494 1446 602 1478 postea
621 1449 782 1470 ausurum:
804 1440 968 1469 vivendum
984 1447 1055 1468 esse

67 1483 96 1512 in
110 1482 274 1513 solitudine
283 1483 365 1511 velut
377 1483 459 1512 serae
472 1482 597 1517 bestiae,
610 1482 733 1512 terrenti
745 1482 830 1518 alias,
843 1481 918 1510 alias
929 1480 1053 1510 timenti.

39 1527 56 1554 8
67 1524 165 1554 Prima
180 1524 291 1554 deinde
306 1525 373 1553 luce
390 1524 584 1554 tabernaculo
601 1532 723 1560 corpus,
741 1523 819 1552 sicut
830 1523 930 1552 adhuc
947 1531 1052 1551 cruen-

68 1571 130 1596 tum
145 1571 222 1600 erat,
240 1565 330 1595 iussit
344 1565 456 1595 inferri.
501 1566 565 1601 Quo
582 1565 682 1602 posito
699 1570 769 1594 ante
784 1565 898 1602 ipsum,
920 1564 1052 1593 lacrimis

68 1607 199 1643 obortis,
221 1608 324 1641 Hanc,
346 1607 457 1644 inquit,
480 1609 590 1637 nutrici
602 1615 684 1637 meae
695 1608 825 1644 qratiam
840 1608 951 1641 rettuli,
970 1607 1053 1635 cuius

68 1649 126 1679 duo
133 1651 192 1685 filii
201 1650 286 1686 apud
295 1649 427 1678 Miletum
434 1658 494 1686 pro
505 1657 570 1678 mea
579 1651 677 1685 yloriu
688 1649 848 1678 occubuere
857 1652 990 1684 mortem,
1004 1647 1053 1676 hic

64 1690 180 1727 stater,
198 1693 314 1720 unicum
327 1691 458 1721 orbitatis
468 1692 617 1725 solatium,
636 1699 655 1719 a
671 1699 716 1720 me
734 1692 926 1761 fulcit-{falas
940 1690 1052 1720 occisus
