1215 1895
290 84 364 113 LlB.
380 84 431 112 lv.
455 83 536 112 CAP.
553 83 573 116 1.
592 86 709 112 15—32.
731 83 780 111 [Ν.
798 84 857 105 3-5·
877 81 914 113 Ζι]
1075 82 1121 113 31.

128 169 196 191 mus
218 160 350 197 quisquc
372 159 569 188 humilitatem
590 158 789 196 inopiamque
812 159 878 189 eius
900 159 983 197 apud
1002 158 1118 188 amicos

86 202 293 235 25Alexandri
309 201 532 230 criminabatur.
575 200 699 230 Admitti
722 209 791 231 eum
806 210 859 231 rcx
876 201 1015 239 protinus
1030 201 1118 231 iussit

129 244 244 281 diuque
258 244 490 279 contemplatus,
508 243 653 279 Corporis,
666 243 773 279 inquit,
785 245 901 273 habitus
909 244 1014 280 famae
1023 252 1117 280 qene-

126 288 169 316 ris
179 294 235 316 non
247 290 410 322 repuynat:
429 285 483 314 sed
498 285 565 314 libet
576 286 660 318 scire,
673 286 803 321 inopiam
816 294 874 322 qua
883 287 1029 322 pallentia
1041 287 1119 315 tule-

128 330 179 357 ris.
220 328 294 356 Tum
310 326 375 362 ille,
399 326 529 361 Utinam,
552 326 665 363 inquit,
686 328 785 356 eodem
797 330 895 357 animo
911 336 1034 363 reynmn
1053 328 1122 364 pati

127 368 255 406 possim!
277 370 333 398 hae
354 377 460 397 manus
480 368 626 404 suffecere
648 369 794 398 desiderio
810 378 890 398 meo.-
912 370 986 398 nihil
1002 370 1122 398 habenti

89 412 204 442 26m'lzil
215 411 319 446 defuit.
342 410 472 446 Magnae
487 410 598 439 indolis
612 410 767 447 specimen
781 419 820 440 ex
832 411 891 440 lioc
904 419 1046 441 sermone
1057 411 1118 440 Ab-

132 452 286 491 dalonymi
308 452 398 488 cepit.
442 452 549 488 ltaque
571 460 631 481 non
648 452 796 481 Stratonis
818 454 909 482 modo
931 453 1046 490 regiam
1067 460 1118 482 su-

130 494 311 531 pellectilem
326 493 448 523 attribui
463 493 491 522 ei
512 493 614 527 iussit,
639 494 694 522 sed
718 495 864 531 pleraque
885 494 974 524 etiam
997 503 1034 524 ex
1050 494 1118 524 Per-

131 535 195 565 sica
210 537 340 572 pracda:
356 535 512 572 regionem
529 543 653 572 quoque
666 536 732 564 urbi
748 536 920 573 appositam
932 536 1038 566 ditioni
1052 536 1119 566 eius

131 577 250 607 adiecit.

87 623 120 649 27
208 619 254 655 (5)
278 620 394 649 Interea
409 620 574 656 Amyntas,
597 627 687 656 quem
703 620 742 649 ad
756 620 866 649 Persas
882 621 920 650 ab
941 621 1120 650 Alexandro

132 661 335 698 transfugisse
361 661 509 696 diximus,
536 669 604 690 cum
628 666 770 697 quattuor
791 662 911 692 milibus
934 662 1119 692 Graecorum

131 703 230 740 ipsum
247 711 286 732 ex
301 703 368 732 acie
384 702 556 739 persecutis
574 703 644 739 suga
659 703 789 740 Tripolin
808 704 954 740 pervenit.
988 705 1071 739 Inde,
1088 704 1116 733 in

131 753 225 774 naves
241 744 385 774 militibus
400 744 568 780 impositu,
591 745 724 781 Cyprum
743 746 907 775 transmisit
922 751 966 781 et,
980 754 1072 783 quum
1089 746 1117 774 in

131 786 180 816 illo
197 791 277 816 statu
293 794 392 816 rerum
408 786 439 814 id
456 794 618 823 quemque,
638 787 720 823 quod
737 792 932 824 occupasset,
949 787 1118 817 habiturum

130 827 333 864 arbitraretur,
351 829 433 857 velut
449 833 530 858 certo
543 828 607 857 iure
621 837 812 865 possessum
826 831 892 858 Ac
874 834 1000 877 yptum
1015 834 1119 867 petere

131 870 281 905 decrevit,
301 870 422 907 utrique
442 870 506 906 regi
528 870 626 900 hostis
649 875 679 899 et
694 879 816 907 sempei
831 879 868 900 ex
885 871 1009 908 ancipiti
1024 875 1117 900 muta

87 912 209 942 28lione
226 916 395 949 temporum
416 912 565 948 pendens.
609 913 816 949 Hortatusque
838 913 948 943 milites
971 914 1010 942 ad
1032 922 1119 950 spem

131 957 230 982 tantae
245 953 289 982 rei
305 954 410 988 docet,
433 953 588 989 Saraceni,
610 960 782 990 praetorem
797 955 945 992 Aegypti,
968 955 1119 984 cecidisse

129 995 158 1023 in
174 995 255 1024 acie:
278 995 437 1024 Persarum
459 995 646 1032 praesidium
661 1001 691 1025 et
706 996 772 1025 sine
788 997 866 1026 duce
882 1005 953 1026 esse
969 1001 999 1026 et
1013 997 1119 1026 invali-

130 1037 216 1066 dum:
233 1037 416 1074 Aegyptios,
432 1045 555 1073 semper
571 1038 762 1073 praetoribus
779 1046 885 1067 eorum
900 1038 1045 1072 infestos,
1062 1047 1118 1075 pro

88 1081 122 1108 29
130 1078 223 1107 sociis
240 1078 336 1114 ipsos,
352 1087 411 1108 non
429 1087 484 1114 pro
501 1079 640 1107 hostibus
656 1079 880 1109 aestimaturos.
903 1079 1010 1109 Omnia
1025 1088 1118 1116 expe-

131 1119 181 1147 riri
198 1119 368 1149 necessitas
384 1121 528 1156 cogebat:
545 1120 660 1158 quippe
675 1130 766 1158 quum
781 1122 894 1159 primas
910 1131 983 1159 spes
1001 1123 1119 1152 fortuna

131 1161 274 1194 destituit.
290 1162 388 1191 sutura
404 1162 617 1198 praesentibus
635 1163 775 1193 videntur
789 1172 859 1193 esse
875 1165 1003 1201 potiora.
1028 1165 1121 1201 Igitur

131 1203 335 1237 conclamant,
353 1204 493 1237 duceret,
513 1212 573 1241 quo
589 1204 753 1234 videretur.
790 1206 893 1242 Atque
909 1206 958 1235 ille
974 1207 1118 1236 utendum

132 1243 247 1278 animis,
265 1245 336 1273 dum
352 1253 407 1282 spe
424 1246 567 1281 calerent,
582 1250 665 1275 ratus
681 1247 719 1275 ad
735 1247 886 1276 Pelusium
903 1248 1013 1277 ostium
1027 1256 1115 1284 pene

90 1289 196 1320 30trat‚
211 1285 367 1321 simulans,
382 1296 400 1315 a
414 1287 512 1316 Dareo
531 1296 565 1317 se
580 1296 651 1317 esse
666 1288 877 1324 piaemissum.
913 1290 1029 1319 Potitus
1045 1298 1119 1327 ergo

128 1326 238 1356 Pelusii
253 1310 416 1365 MenipfiIni
435 1329 541 1366 copias
564 1330 730 1366 promovit.
757 1331 796 1359 ad
818 1331 905 1361 cuius
927 1333 1037 1360 samam
1059 1311 1118 1361 Aoe-

129 1368 234 1406 gyptii,
253 1378 329 1398 vana
345 1378 421 1407 gens
439 1375 468 1400 et
481 1380 542 1400 1101
543 1371 632 1400 andis
646 1380 736 1408 quam
748 1373 891 1408 gerendis
904 1373 1004 1410 aptior
1016 1374 1117 1408 rebus,

129 1418 168 1438 ex
184 1410 248 1440 suis
265 1411 379 1448 quique
397 1412 473 1442 vicis
488 1412 678 1449 urbibusque
694 1414 732 1443 ad
748 1414 807 1443 hoc
826 1415 974 1451 oppidum
990 1423 1118 1444 concur-

129 1456 198 1481 runt
218 1453 257 1482 ad
279 1454 409 1483 delenda
431 1455 587 1491 praesidia
608 1455 776 1485 Persarum.
822 1456 877 1492 Qui
893 1457 1001 1492 territi,
1019 1461 1116 1486 tamen

86 1497 119 1523 31
128 1501 214 1530 spem
230 1495 380 1524 retinendi
396 1498 572 1534 Aegyptum
588 1505 647 1526 non
663 1497 839 1527 omiserunt.
861 1498 923 1527 Sed
935 1506 990 1528 eos
1002 1499 1117 1536 Amyn-

129 1539 173 1565 tas
192 1536 309 1572 proelio
326 1543 489 1574 superatos
512 1538 541 1567 in
564 1539 669 1568 urbem
693 1539 847 1576 compellit
871 1539 1041 1577 castrisque
1063 1549 1117 1577 po-

128 1576 194 1607 sitis
219 1578 350 1608 victores
378 1580 418 1609 ad
444 1580 639 1616 populandos
667 1589 759 1617 agros
787 1581 904 1611 eduxit:
926 1590 973 1616 ae,
986 1583 1067 1611 velut
1087 1581 1117 1611 in

86 1622 118 1648 32
127 1619 226 1648 medio
243 1621 351 1656 positis
377 1621 479 1651 fundis
495 1622 643 1657 hostium
669 1627 779 1652 cuneta
794 1624 968 1660 agebantur.
1012 1624 1119 1660 ltaque

127 1659 278 1697 Mazaces,
297 1671 482 1700 quamquam
498 1663 610 1693 infelici
626 1664 742 1700 proelio
758 1673 882 1695 suorum
899 1665 1016 1696 animos
1033 1666 1117 1695 terri-

128 1706 174 1732 tos
190 1711 262 1733 esse
281 1710 482 1742 cognoverat,
508 1710 605 1735 tamen
633 1706 770 1742 palantes
793 1712 823 1736 et
839 1706 986 1737 xictoiiae
1006 1706 1118 1736 fiducia
