1215 1895
143 106 163 135 4
483 106 517 142 Q.
541 106 696 136 CURTII
717 106 823 136 RUFI

144 189 234 219 quam
250 189 306 219 par
321 184 514 217 erat‚motus,
538 181 651 211 omissa
667 182 747 212 omni
768 182 826 212 alia
849 191 918 219 spe,
941 182 1043 213 statuit
1057 182 1125 220 ipse

142 223 323 252 decernere:
340 223 465 259 quippe,
479 231 557 259 quae
570 231 626 260 per
638 224 733 254 duces
747 232 821 254 suos
829 228 896 254 acta
907 228 1000 260 erant,
1018 228 1126 255 cuncta

143 264 313 298 damnabat,
330 268 423 300 ratus,
438 263 576 301 pluribus
592 273 704 302 curam,
725 265 865 295 omnibus
881 265 1016 295 abfuisse
1032 267 1123 296 fortu-

142 313 221 335 nam.
263 305 355 342 Igitur
370 305 477 335 castris
498 306 537 335 ad
557 306 756 344 Babyloniam
779 306 902 344 positis,
926 315 986 344 quo
1009 307 1123 337 maiore
1151 312 1167 338 2

142 347 242 376 animo
259 351 457 384 capesserent
471 347 591 382 bellum,
607 347 767 378 universas
783 348 863 378 vires
879 348 909 377 in
925 353 1125 385 conspectum

142 388 225 418 dedit
240 393 277 425 et,
294 388 478 418 circumdato
496 389 583 424 vallo⁷
600 390 683 425 quod
698 390 803 419 decem
819 389 932 420 milium
944 394 1123 420 armatorum

141 430 360 460 multitudinem
374 433 505 467 caperet,
520 430 629 460 Xerxis
646 432 785 468 exemplo
798 440 954 462 numerum
968 431 1124 469 copiarum

140 471 213 501 iniit.
251 471 321 501 Orto
338 472 404 501 sole
419 472 458 501 ad
474 475 593 501 noctem
609 471 744 510 agmina,
765 472 844 502 sicut
858 472 1013 510 descripta
1028 477 1121 509 erant,
1149 477 1164 503 3

140 512 291 543 intravere
314 514 434 543 vallum.
476 513 550 542 Inde
572 513 683 543 emissa
705 518 929 551 occupaverant
949 515 1122 551 Mesopota-

139 554 217 584 miae
233 563 368 591 campos‚
390 554 523 591 equitum
539 555 736 592 peditumque
751 556 973 592 propemodum
988 555 1122 585 innume>

140 595 243 626 rabilis
260 596 355 632 turba,
370 596 523 631 maiorem,
542 604 631 633 quam
646 605 701 633 pro
716 605 850 631 numero,
865 597 999 634 speciem
1012 598 1122 626 serens.

139 638 298 667 Persarum
313 641 398 667 erant
412 642 531 667 centum
546 637 636 674 milia,
652 638 682 667 in
699 637 767 675 quis
779 647 875 675 eques
889 638 1009 675 triginta
1020 638 1124 675 imple·
1150 643 1166 668 4

139 679 199 709 bat.
245 679 327 708 Medi
353 680 459 708 decem
480 678 623 716 equitum,
648 679 867 717 quinquaginta
889 679 969 709 milia
989 679 1124 716 peditum

139 720 299 750 habebant.
336 721 540 750 Barcanorum
562 720 696 757 equitum
718 722 778 751 duo
802 721 882 750 milia
899 722 996 757 suere,
1018 720 1123 750 armati
1150 726 1165 751 5

139 761 323 799 bipennibus
339 762 522 798 levibusque
535 762 628 791 scutis
645 768 745 792 cetrae
761 763 890 792 maxime
906 763 1041 799 speciem
1056 763 1123 792 red-

140 803 296 833 dentibus:
319 804 454 840 peditum
476 804 581 832 decem
595 803 675 833 milia
691 804 755 840 pari
776 808 891 833 armatu
907 804 1121 841 sequebantur.

139 844 274 874 Armenii
291 845 489 881 quadraginta
505 844 585 873 milia
600 845 743 875 miserant
758 845 902 882 peditum,
924 845 1035 874 additis
1052 853 1122 882 sep-
1149 849 1165 876 6

139 891 198 916 tem
215 886 334 916 milibus
351 886 494 923 equitum.
528 886 669 924 Hyrcani⁷
692 886 815 923 egregii,
830 891 862 916 ut
876 886 953 916 inter
968 886 1035 916 illas
1051 894 1123 923 gen-

141 932 200 964 tes,
227 928 378 966 [equites‚]
405 936 459 957 sex
486 927 566 956 milia
592 929 803 964 expleverant,
831 928 942 957 additis
969 927 1122 964 equitibus

140 970 218 999 mille
233 969 371 1006 Tapuris.
405 969 551 998 Derbices
568 969 766 1006 quadraginta
781 969 916 1006 peditum
931 968 1012 998 milia
1027 977 1123 998 arma-
1149 970 1163 1000 7

140 1016 257 1041 verant:
281 1010 417 1048 pluribus
438 1019 508 1040 aere
523 1015 574 1040 aut
591 1011 668 1040 terro
686 1011 842 1048 praefixae
857 1012 978 1046 bastae,
1002 1010 1124 1047 quidam

139 1053 251 1089 lignum
267 1052 328 1089 igni
349 1053 540 1082 duraverunt.
575 1053 638 1081 Hos
662 1061 785 1089 quoque
806 1053 866 1081 duo
889 1052 969 1081 milia
988 1051 1124 1088 equitum

139 1103 177 1124 ex
193 1095 300 1124 eadem
316 1098 404 1131 gente
421 1094 560 1123 comitata
579 1099 657 1122 sunt.
699 1095 725 1122 A
748 1093 858 1131 Caspio
880 1093 955 1122 mari
977 1097 1045 1122 octo
1069 1093 1121 1122 mi-
1149 1097 1165 1123 8

139 1136 210 1165 lium
237 1136 379 1172 pedester
402 1135 554 1165 exercitus
580 1140 716 1170 venerat,
746 1134 866 1165 ducenti
887 1135 1014 1171 equites.
1051 1135 1122 1164 Cum

140 1177 186 1206 liis
204 1181 288 1206 erant
303 1176 453 1213 ignobiles
469 1176 546 1205 aliae
562 1181 684 1213 gentes:
701 1177 761 1206 duo
778 1176 858 1205 milia
874 1176 1017 1213 peditum,
1039 1175 1122 1213 equi-

140 1224 200 1248 tum
222 1218 373 1255 duplicem
394 1223 576 1255 paraverant
597 1226 763 1247 numerum.
806 1218 859 1246 His
883 1217 980 1254 copiis
1003 1217 1123 1254 triginta
1149 1220 1165 1246 9

139 1261 218 1289 milia
240 1260 424 1289 Graecorum
440 1259 580 1288 mercede
603 1260 768 1293 conducta,
792 1258 931 1295 egregiae
948 1258 1120 1293 iuventutis,

138 1301 256 1331 adiecta
271 1306 349 1331 sunt.
388 1302 462 1330 Nam
478 1300 654 1330 Bactrianos
670 1306 699 1331 et
715 1300 887 1337 Sogdianos
909 1304 938 1329 et
960 1301 1052 1329 Indos
1074 1308 1121 1329 ce-

139 1348 282 1380 terosque
298 1343 380 1372 rubri
401 1342 491 1371 maris
514 1343 650 1377 accolas,
672 1342 775 1379 ignota
797 1342 885 1371 etiam
907 1341 966 1378 ipsi
990 1341 1123 1378 gentium

139 1385 274 1420 nomina,
298 1383 447 1414 festinatio
471 1383 651 1420 prohibebat
672 1383 772 1413 acciri.
815 1384 875 1413 Nec
894 1383 1056 1420 quicquam
1079 1382 1164 1412 illilo

138 1427 235 1456 minus
262 1435 352 1463 quam
368 1425 525 1455 multitudo
542 1425 666 1455 militum
682 1424 783 1455 deluit.

217 1468 263 1504 (5)
286 1468 376 1497 Cuius
407 1472 467 1497 tum
489 1466 648 1496 universae
675 1471 801 1503 aspectu
826 1466 989 1495 admodum
1015 1466 1122 1501 laetus,

138 1510 311 1546 purpuratis
328 1509 416 1538 solita
433 1508 563 1538 vanitate
579 1517 665 1545 spem
678 1508 743 1537 cius
756 1507 939 1543 inflantibus,
953 1515 1122 1536 conversus

138 1552 176 1580 ad
193 1551 401 1580 Charidemum
417 1550 633 1580 Atheniensem
651 1550 720 1579 belli
743 1549 869 1586 peritum
893 1553 921 1578 et
943 1549 981 1577 ob
998 1548 1122 1577 exilium

139 1593 280 1622 infestum
296 1592 487 1626 Alexandro,
512 1610 551 1613 ——
568 1592 682 1628 quippe
695 1589 957 1625 Allienis,iubente
973 1590 1123 1625 e0‚suerat

139 1635 301 1670 expulsus,
327 1651 361 1655 —
386 1633 559 1670 percontari
581 1633 694 1670 coepit,
722 1632 837 1662 satisne
858 1631 885 1660 ei
908 1631 1059 1660 videretur
1079 1631 1121 1660 in-
1210 1662 1211 1669 ἵ

139 1681 270 1705 structus
286 1676 324 1704 ad
341 1676 539 1704 obterendum
555 1675 681 1704 hostem.
720 1675 758 1703 At
780 1674 828 1702 ille
850 1677 878 1702 et
893 1681 967 1702 suae
984 1672 1074 1702 sortis
1090 1677 1120 1702 et
1132 1677 1160 1702 ll
1208 1696 1210 1704 ⁴

139 1726 238 1754 regiae
255 1717 415 1754 superbiae
432 1717 551 1751 oblitus,
577 1718 690 1752 Verum,
704 1715 808 1752 inquit7
824 1719 851 1744 et
868 1719 896 1744 tu
911 1715 1038 1750 forsitan
1062 1724 1119 1744 cm·
