1215 1895
131 95 150 124 6
464 93 495 128 Q.
519 92 672 122 CURTII
693 91 801 121 RUFI

216 167 348 197 Anxium
383 167 421 195 de
455 166 634 196 instantibus
663 167 744 197 curis
770 165 923 204 agitabant
948 166 1036 196 etiam
1065 175 1121 204 per
1146 172 1163 198 2

132 218 271 240 somnum
289 208 410 245 species
429 207 644 238 imminentium
658 217 772 245 rerum,
795 208 861 238 sive
873 209 939 238 illas
952 208 1118 244 aegritudo,

132 252 198 282 sive
221 249 365 280 divinatio
393 250 483 279 animi
506 250 726 287 praesagientis
753 249 891 280 accersit.
925 250 1028 279 Castra
1048 251 1118 280 Ale-

131 292 240 322 xandri
253 300 362 328 magno
382 291 460 328 ignis
477 293 594 329 fulgore
608 293 758 322 collucere
771 292 798 321 ei
814 293 882 321 visa
893 295 970 326 sunt,
989 296 1018 321 et
1029 292 1120 328 paulo

132 339 204 372 post
219 334 395 364 Alexander
410 334 520 363 adduci
534 335 572 363 ad
591 334 691 370 ipsum
706 334 735 363 in
752 343 788 363 eo
806 333 899 363 vestis
917 333 1034 369 habitu,
1060 341 1120 370 quo

132 377 200 414 ipse
211 376 327 411 suisset,
341 383 421 412 equo
430 375 540 406 deinde
550 384 603 412 per
611 376 810 412 Babyloniam
820 380 924 405 vectus
939 374 1038 404 subito
1054 383 1122 404 cum

131 417 200 454 ipso
222 424 302 452 equo
325 414 423 445 oculis
445 423 515 444 esse
537 415 715 444 subductus.
756 415 806 443 Ad
826 414 902 444 haec
923 418 1011 445 vates
1034 413 1118 443 varia
1143 419 1161 444 4

131 456 379 494 interpretatione
400 464 503 485 curam
525 456 750 486 distrinxerant.
786 455 846 485 Alii
867 456 979 485 laetum
1001 456 1032 485 id
1053 455 1118 492 regi

132 498 283 529 somnium
304 506 375 527 esse
397 498 551 534 dicebant,
580 498 662 534 quod
684 502 784 527 castra
806 497 940 527 hostium
960 497 1119 532 arsissent,

134 541 217 577 quod
230 540 447 575 Alexandrum,
464 539 605 576 deposita
619 539 703 576 regia
718 543 813 574 veste,
829 538 858 568 in
873 538 996 570 Persico
1012 543 1041 568 et
1054 539 1118 567 vul-

132 582 196 618 gari
210 581 314 611 habitu
326 582 506 618 perductum
519 589 588 611 esse
602 580 738 610 vidisset.
756 580 882 616 Quidam
894 589 953 610 non
966 580 1006 610 ita
1018 580 1118 618 [laeta]
1146 586 1161 611 5

133 624 373 660 augurabantur:
391 622 504 660 quippe
520 623 647 652 illustria
657 623 857 652 Macedonum
874 627 973 652 castra
983 621 1051 651 visa
1064 622 1119 650 ful-

133 674 238 702 gorem
253 665 428 694 Alexandro
446 665 643 701 portendere:
668 672 758 700 quem
775 672 903 701 regnum
920 663 1013 693 Asiae
1029 671 1119 693 occu-

133 711 273 744 paturum
295 715 365 736 esse
386 706 468 736 haud
488 706 656 743 ambigere,
679 706 822 743 quoniam
842 705 872 735 in
895 706 1003 737 eodem
1017 704 1120 734 habitu

132 748 250 778 Dareus
267 748 383 783 suisset,
403 757 495 785 quum
510 749 680 785 appellatus
697 752 743 778 est
758 756 822 777 rex.
865 748 978 777 Vetera
994 755 1118 784 quoque
1146 752 1163 778 6

134 790 245 826 omina,
260 794 292 819 ut
308 791 364 819 sert
375 789 558 825 sollicitudo,
570 795 804 820 revocaverant:
817 791 1019 820 recensebant
1031 789 1120 825 enim,

134 832 263 861 Dareum
287 831 315 860 in
338 831 489 868 prinprio
512 831 630 868 imperii
651 832 791 869 vaginam
813 832 946 862 acinacis
968 831 1120 862 Persicam

134 873 265 902 iussisse
281 873 388 902 mutari
403 873 432 902 in
449 882 515 902 eam
532 875 666 909 formam,
682 883 742 911 qua
754 873 861 903 Graeci
873 878 1035 910 uterentur,
1052 882 1120 911 pro-

134 915 278 951 tinusque
294 915 463 944 Chaldaeos
479 915 707 952 interpretatos,
731 915 890 953 imperium
908 916 1067 945 Persarum
1082 916 1121 944 ad

135 965 189 986 cos
208 956 416 991 transiturum,
440 965 568 993 quorum
590 966 673 987 arma
694 962 776 987 esset
797 958 939 987 imitatus.
983 958 1121 987 Ceterum
1147 957 1162 985 7

134 998 202 1035 ipse
218 1002 248 1027 et
263 1002 364 1028 vatum
379 1007 541 1035 responso,
559 1000 641 1035 quod
657 1000 803 1029 edebatur
819 999 847 1028 in
865 1000 983 1036 vulgus,
1005 1003 1034 1029 et
1050 1008 1120 1036 spe-

135 1039 190 1076 cie,
207 1048 286 1076 quae
301 1048 356 1076 per
371 1049 510 1070 somnum
526 1041 627 1070 oblata
642 1046 714 1078 erat,
730 1041 893 1071 admodum
909 1041 1005 1070 laetus
1023 1045 1122 1070 castra

135 1081 174 1110 ad
188 1081 363 1118 Euphraten
379 1081 493 1111 moveri
510 1082 601 1111 iubet.

213 1122 258 1158 (7)
281 1122 379 1152 Patrio
396 1131 479 1152 more
494 1123 652 1153 Persarum
668 1123 807 1153 traditum
823 1129 885 1160 est,
905 1128 970 1154 orto
987 1125 1052 1154 sole
1068 1124 1119 1153 de·
1148 1126 1165 1152 8

1146 255 1162 280 ω

136 1173 216 1193 mum
233 1165 414 1200 procedere.
451 1164 505 1194 Die
530 1165 589 1194 iam
614 1165 722 1194 illustri
748 1165 867 1202 signum
890 1175 906 1195 e
927 1165 1122 1195 tabernaculo

135 1206 216 1242 regis
232 1205 343 1234 bucina
359 1206 494 1236 dabatur.
533 1206 632 1243 Super
648 1207 883 1243 tabernaculum,
905 1207 986 1236 unde
1005 1207 1043 1236 ab
1060 1215 1122 1236 om-

135 1247 225 1276 nibus
241 1247 379 1284 conspici
396 1252 512 1283 posset,
528 1247 628 1284 imago
643 1248 717 1277 solis
734 1249 878 1285 crystallo
894 1248 1011 1277 inclusa
1028 1248 1122 1284 fulge-

136 1289 195 1318 bat.
232 1288 312 1318 Ordo
329 1293 428 1318 autem
443 1289 572 1326 agminis
587 1294 651 1319 erat
667 1288 743 1318 talis.
781 1289 872 1326 Ignis,
889 1298 979 1326 quem
994 1289 1056 1326 ipsi
1072 1297 1120 1318 sa-
1148 1292 1164 1318 9

136 1339 220 1360 crum
235 1334 265 1359 et
279 1335 434 1360 aeternum
450 1331 615 1365 vocabant⁷
641 1331 793 1367 argenteis
809 1331 952 1360 altaribus
970 1331 1122 1367 praesere-

134 1372 232 1401 batur.
271 1372 352 1408 Magi
375 1372 504 1408 proximi
528 1372 656 1409 patrium
679 1381 799 1402 carmen
822 1373 980 1402 canebant.
1013 1373 1164 1408 Magoslo

135 1413 262 1442 trecenti
277 1418 306 1442 et
322 1413 480 1450 sexaginta
497 1414 631 1450 quinque
654 1413 780 1444 iuvenes
798 1415 1017 1451 sequebantur,
1035 1412 1122 1450 puni-

137 1454 200 1484 ceis
222 1455 359 1484 amiculis
381 1455 486 1490 velati,
516 1455 624 1485 diebus
650 1455 742 1485 totius
767 1456 837 1484 anni
864 1464 954 1492 pares
981 1463 1122 1485 numero:

137 1496 251 1533 quippe
266 1496 367 1525 Persis
385 1505 508 1533 quoque
530 1496 558 1525 in
575 1497 698 1526 totidem
720 1497 785 1526 dics
808 1497 980 1534 descriptus
1003 1500 1050 1526 est
1071 1505 1122 1525 an-

136 1546 203 1566 nus.
250 1537 374 1566 Currum
401 1537 511 1567 deinde
541 1538 605 1568 Iovi
632 1543 782 1568 sacratum
809 1539 945 1568 albentes
971 1538 1163 1568 vehebantll

136 1578 222 1615 equi:
238 1579 294 1608 hos
316 1579 444 1608 eximiae
459 1579 673 1616 magnitudinis
690 1588 797 1617 equus,
814 1588 904 1617 quem
919 1579 1000 1609 Solis
1017 1579 1122 1616 appel-

135 1620 245 1654 labant,
264 1621 458 1656 sequebatur.
495 1622 617 1651 Aureae
633 1621 736 1659 virgae
751 1626 780 1651 et
794 1622 881 1651 albae
896 1625 999 1651 vestes
1014 1628 1122 1657 regen-

135 1665 182 1691 tes
199 1670 298 1698 equos
313 1663 510 1692 adornabant.
533 1663 622 1692 Haud
634 1663 740 1700 procul
754 1667 839 1692 erant
850 1662 990 1692 vehicula
1005 1663 1121 1697 decem,
1132 1666 1164 1692 12

137 1704 229 1732 multo
245 1711 319 1733 auro
336 1708 525 1740 argentoque
541 1706 665 1734 caelata.
702 1704 893 1741 Sequebatur
908 1704 984 1733 haec
1007 1703 1121 1740 equita—
