1210 1895
124 110 150 127 vr
525 103 757 130 PRAEFATIO.

139 206 154 230 d
189 172 231 230 Pi,
252 170 268 196 3
281 170 340 230 ¹(36)‚
360 172 385 196 5.
410 170 513 201 Quidam
531 178 578 194 non
596 171 632 195 ita
654 169 742 203 [laeta]
760 172 958 204 augurabantur.
995 174 1055 199 Vid.
1074 175 1149 208 epist.

122 214 136 230 a
176 207 209 230 lv.
232 213 259 237 p.
316 223 322 229 .

189 241 230 268 ΙΙΙ,
248 239 266 265 4
284 238 339 271 (9),
360 240 383 264 l.
405 238 451 272 [iu]
471 240 608 271 regionem,
626 247 690 272 quae
704 239 795 264 Castra
814 240 877 272 Cyru·
890 242 1045 272 appellatur,
1061 250 1148 274 perve-

121 276 164 299 nit.
202 274 320 303 Quamvis
340 273 366 296 Z.
388 277 473 304 putet,
498 274 622 297 neminem
641 281 775 304 ausurum,
794 275 818 298 in
837 279 922 299 contra
941 277 1051 301 omnium
1074 277 1150 302 libro-

122 316 177 332 rum
196 308 369 332 auctoritatem
390 308 556 339 interponere,
576 315 623 340 ego
642 312 725 332 tamen
746 315 822 332 ausus
844 316 909 333 snm.
947 309 1098 342 Saepissime
1124 313 1149 337 in

122 342 198 366 codd.
221 341 346 366 Curtianis
369 349 394 366 tn
420 343 576 374 praeposit10
596 342 688 366 omissa
709 346 756 366 est.
794 343 926 374 Nunquam
947 348 1031 369 autem
1051 344 1150 370 Curtius

121 377 224 400 verbum
240 377 387 406 pervenire,
412 383 461 406 qno
481 377 622 400 sexcenties
639 377 731 405 utitur,
757 377 851 401 omissa
870 378 1070 409 praepositione,
1095 387 1149 403 cum

122 411 266 435 accusativo
286 411 404 439 nominis,
424 410 473 434 nisi
492 410 557 435 illud
580 411 709 442 proprium
729 415 775 440 est,
794 412 924 437 construit.
960 413 1002 442 lv,
1017 410 1113 444 7(29),
1124 414 1149 438 2.

121 446 146 469 in
165 445 287 477 regionem
303 444 421 476 Aegypti,
442 452 512 476 quam
530 452 593 469 nunc
614 445 705 470 Castra
722 445 868 470 Alexandri
884 450 980 476 vocant,
995 449 1116 477 per-venit.

190 479 232 508 ΙΙΙ,
254 478 286 503 11
309 478 380 510 (26),
401 477 425 503 4.
452 479 554 511 lamque
572 480 701 504 immissi
724 479 748 503 in
773 479 875 504 medium
894 481 1030 505 Persarum
1046 494 1081 499 —
1099 485 1151 506 tue·

121 513 221 538 bantur.
258 512 342 545 Vulgo
361 513 411 543 ipsi
426 520 472 544 pro
491 514 597 538 immissi.
638 513 779 537 Miitzellius
803 514 853 538 inm
882 515 906 538 iu
932 514 980 539 hoc
1003 516 1150 547 pronomine

122 548 236 572 offendit.
273 546 381 575 Curtius,
401 555 492 578 quum,
516 548 577 579 qnid
595 547 658 572 alios
676 548 777 572 iusserit
795 547 951 578 Alexander,
973 550 1048 573 modo
1067 557 1150 574 narra-

121 582 194 611 verit,
215 582 246 606 de
264 581 308 606 ino
326 582 427 612 quidem
446 586 545 613 poterat
564 582 708 614 pronomine
728 583 782 612 ipse
800 583 845 611 uti,
865 583 896 607 de
917 583 1095 608 Macedonibus
1109 591 1150 607 su-

121 624 166 648 pra
187 617 388 640 commemoratis
408 623 456 640 non
475 621 583 648 poterat.
622 616 718 640 Deinde
743 617 893 640 constructio
914 616 983 640 nulla
1003 622 1053 647 esty
1074 625 1149 649 quum

121 651 197 675 verba
219 651 243 674 t'n
262 651 363 675 medium
389 657 469 681 neque
494 659 550 675 cum
577 651 650 675 verbo
676 650 807 674 tuebantur
833 657 913 681 neque
934 658 990 675 cum
1015 652 1149 684 participio

120 685 264 716 circumfusi
281 685 400 716 coniungi
421 690 526 714 queant:
546 685 603 715 quis
621 692 680 709 vero
700 692 754 708 cnm
775 685 891 716 Zumptio
910 686 1045 710 orationem
1063 686 1149 710 addito

120 719 256 751 participio
287 719 352 743 illati
378 718 491 750 suppleri
517 726 591 750 posse
617 718 758 750 putaverit?
807 718 848 748 Si,
879 719 947 749 qnod
974 727 1021 751 ego
1047 720 1150 748 conieci,

121 754 220 778 &nmini
240 753 372 781 scribitur,
397 753 477 777 omnis
497 753 596 777 subiato
616 757 652 776 est
672 752 819 777 difficultas.
856 752 984 777 Sententia
1002 755 1067 778 enim
1089 754 1150 778 haer

121 791 171 811 est:
193 787 235 818 qui
255 787 279 811 in
300 787 411 811 medium
429 788 561 811 Persarum
581 787 611 811 ab
630 787 775 811 Alexandro
793 787 900 811 immissi
916 792 995 817 erant,
1005 788 1089 819 (erant
1105 795 1150 811 au-

120 825 171 845 tem
191 821 276 850 iidem,
298 828 360 851 quos
382 828 458 853 supra
478 821 577 845 Curtius
598 821 661 845 dixit
680 822 705 845 in
724 821 834 845 medium
854 821 913 846 belii
933 822 1066 846 discrimen
1088 827 1150 846 stre-

121 863 170 880 nue
188 856 219 880 ab
241 862 270 880 eo
290 855 423 879 translatos
436 855 515 887 esse‚)
532 862 682 886 quamquam
701 855 812 886 undique
826 860 896 879 erant
908 856 1062 886 circumfusi,
1080 863 1150 888 egre-

123 890 164 922 gie
184 894 267 914 tamen
287 897 314 914 se
333 890 476 914 tuebantur.

189 925 230 951 111.
253 923 282 948 11
304 922 374 955 (27),
397 922 438 948 15.
458 924 526 955 Equi
539 925 639 954 pariter
657 925 797 956 equitesque
812 924 948 948 Persarum
965 925 1031 948 serie
1048 924 1150 947 tamina-

120 966 173 983 rum
195 958 295 990 [obtecti
310 957 344 990 et]
363 959 392 982 ob
415 959 443 982 id
455 966 548 990 graves
562 966 640 990 aenas
660 959 800 982 certaminis
822 971 857 976 —
881 966 958 990 aeyre
980 958 1150 982 moliebantur.

120 992 198 1017 Paulo
217 993 337 1016 audacius
358 999 423 1016 nunc
442 993 466 1016 in
488 993 642 1016 emendando
661 992 687 1016 h.
708 992 726 1016 l.
749 997 861 1016 versatus
886 1000 942 1016 sum
967 997 991 1017 et
1016 1000 1030 1016 a
1056 992 1151 1016 ratione

120 1028 146 1051 in
166 1028 239 1059 epist.
263 1035 288 1058 p.
312 1026 352 1051 14.
375 1027 504 1058 proposita
529 1027 632 1058 paulum
660 1027 776 1050 discessi.
822 1027 919 1051 Etenim
946 1027 1062 1058 displicet
1088 1025 1149 1050 mihi

120 1061 250 1094 vulgatum
269 1062 336 1085 serie
360 1061 504 1084 laminarum
527 1069 633 1092 graves,
657 1068 733 1091 quum
758 1060 822 1084 infra
843 1061 943 1085 demum
967 1061 1023 1091 (IV,
1043 1059 1059 1084 9
1080 1059 1150 1091 (35),

119 1094 159 1126 3.)
180 1095 279 1119 Curtius
298 1098 470 1126 tegumentum
493 1095 555 1119 illud
573 1095 644 1125 equis
664 1095 839 1125 equitibusque
857 1096 987 1119 Persarum
1005 1095 1083 1118 fuisse
1103 1098 1151 1118 tm-

120 1130 173 1153 dat.
211 1129 273 1158 Quis
288 1129 389 1153 tandem
405 1129 481 1153 verba
493 1129 536 1153 illa
551 1130 636 1152 statim
654 1129 776 1160 intelligat
792 1129 823 1152 de
839 1132 983 1161 tegumento
1000 1129 1067 1152 dicta
1077 1128 1151 1152 esse?

118 1164 204 1194 Itaque
223 1171 288 1194 quae
307 1163 332 1186 in
351 1163 426 1186 codd.
446 1166 502 1186 ante
521 1171 612 1194 gyraves
632 1163 713 1194 posita
740 1163 814 1186 verba
840 1167 897 1187 sunt
914 1163 943 1187 ob
961 1163 988 1186 id
1006 1170 1100 1194 uenus,
1120 1169 1149 1186 ea

120 1199 216 1229 Integra
240 1197 345 1225 retinui,
375 1197 423 1220 nisi
443 1197 511 1227 quod
526 1204 619 1228 graves
642 1201 665 1220 et
680 1204 774 1228 genus,
801 1204 865 1227 quae
886 1204 946 1221 sane
966 1195 1058 1220 similia
1081 1200 1147 1223 sunt,

121 1232 200 1256 locum
218 1232 283 1255 inter
301 1238 328 1254 se
348 1235 459 1254 mutasse
477 1231 563 1256 statui.
591 1230 654 1254 Tum
672 1230 760 1255 lacuna
775 1231 907 1254 manifesta
919 1235 966 1260 est,
978 1237 1053 1261 quam
1066 1231 1148 1254 verbis

120 1266 207 1291 obtecti
223 1269 247 1290 et
267 1265 378 1296 expievi.
415 1265 482 1289 Haec
501 1268 584 1289 nutem
602 1264 691 1289 obtecti
706 1268 731 1289 et
749 1264 778 1289 oh
798 1265 825 1288 id
835 1272 928 1296 graves
943 1271 1048 1296 prorsus
1061 1264 1093 1288 ad
1109 1272 1149 1287 eo-

119 1308 172 1324 rum
190 1299 380 1323 similitudinem
400 1299 466 1323 dicta
485 1303 543 1323 suut
562 1299 743 1330 exemplorum,
760 1306 824 1329 quae
841 1300 914 1330 epist.
929 1306 954 1330 p.
974 1299 1014 1322 15.
1032 1299 1148 1330 apposui,

119 1334 215 1358 obtecti
233 1337 258 1358 et
283 1334 399 1357 videntur
421 1337 553 1365 propterea
573 1333 713 1364 excidisse,
736 1334 795 1363 quia
814 1337 953 1364 sequuntur
971 1333 1047 1356 verba
1065 1333 1094 1356 ob
1114 1333 1149 1356 id.

117 1369 211 1399 Aymen
230 1369 253 1391 in
273 1368 414 1392 certaminis
438 1367 584 1392 mutandum
609 1374 665 1391 esse
689 1367 763 1391 docui
782 1367 797 1391 1.
818 1367 834 1390 Ι.
853 1375 878 1399 p.
906 1367 946 1392 15.
993 1366 1107 1391 Ceterum
1128 1368 1148 1390 si

118 1404 174 1433 quis
194 1406 294 1430 statuat,
311 1409 390 1433 genus
410 1402 442 1426 ob
461 1409 565 1433 pravam
584 1402 652 1425 vocis
665 1409 756 1432 9raves
771 1402 996 1433 interpretationem
1013 1409 1028 1424 a
1044 1401 1148 1425 librariis

117 1437 181 1461 male
200 1437 312 1460 additum
333 1443 398 1465 esse,
419 1440 442 1460 et
462 1436 499 1460 sic
517 1436 620 1460 scribat:
640 1436 730 1460 obtecti
746 1440 769 1459 et
787 1435 816 1459 ob
837 1436 864 1459 id
875 1443 967 1467 graves
983 1439 1146 1460 certamen—

117 1470 286 1498 molz’ebantur,
305 1470 423 1501 equidem
441 1477 489 1494 non
509 1477 656 1502 repugnem.

191 1505 231 1532 III,
258 1505 287 1529 ll
309 1502 379 1535 (27),
400 1504 441 1529 15.
473 1504 587 1528 Thessali
609 1505 706 1528 inulti
727 1511 778 1528 eos
800 1508 989 1534 occupaverant.
1029 1504 1053 1527 [n
1074 1503 1145 1527 codd,
1188 1503 1190 1505 '

117 1546 196 1570 paene
215 1539 331 1562 omuibus
351 1539 423 1562 inulti
439 1542 515 1562 extat.
551 1538 670 1570 Vulgaris
691 1538 764 1562 lectio
782 1539 882 1569 multos,
902 1546 966 1569 quae
987 1538 1012 1562 in
1031 1537 1094 1561 Flor.
1118 1536 1146 1560 G.

117 1573 247 1605 reperitur,
268 1579 299 1596 ex
316 1573 388 1596 inulti
405 1580 448 1596 eos
466 1572 565 1596 videtur
584 1577 637 1596 orta
654 1579 724 1596 esse:
743 1572 781 1596 sic
800 1572 876 1604 igitur
894 1572 995 1603 scripsi.

184 1607 225 1633 ΙΙΙ,
245 1606 275 1630 ll
295 1605 364 1637 (28),
383 1605 426 1631 23.
457 1607 499 1637 qui
520 1610 621 1631 tamen
643 1607 729 1631 Dareo
749 1606 932 1630 tabernaculum
950 1608 1138 1630 exornaverant

116 1641 219 1665 Reiecta
239 1640 382 1664 coniectura
401 1641 426 1664 in
444 1641 518 1672 epist.
538 1648 564 1672 p.
583 1639 627 1665 29.
648 1641 791 1672 proposita,
810 1645 890 1665 tamen
911 1648 956 1672 pro
975 1648 1019 1669 ec,
1038 1639 1104 1670 quod
1123 1639 1147 1662 in

115 1674 189 1699 codd,
212 1678 257 1703 est,
278 1682 329 1698 cum
347 1674 386 1698 vel
404 1678 460 1703 tum,
480 1675 579 1706 scripsi.
617 1674 697 1706 Saepe
714 1679 803 1703 tamen,
822 1678 878 1706 tum,
896 1682 955 1705 cum,
975 1682 1026 1698 eum
1042 1674 1106 1697 inter
1120 1679 1147 1695 se

116 1712 307 1733 commutantur.
345 1709 419 1732 Levis
438 1709 487 1732 iarn
511 1709 535 1732 in
554 1709 637 1733 verbis
656 1710 720 1732 inest
738 1708 898 1739 reprehensio
918 1716 1016 1736 eorum,
1035 1709 1075 1737 qui
1096 1712 1146 1730 tam
