1215 1895
164 126 203 156 93
503 125 536 160 Q.
560 125 715 154 CURTII
736 126 842 155 RUFI

160 202 312 238 qraviores
323 200 435 229 morbos
446 202 560 237 asperis
572 201 709 230 remediis
720 204 839 236 curant,
858 204 886 230 et
889 202 1085 238 ¹aubernator,
1099 203 1150 232 ubi

161 243 357 278 naufrayium
369 243 460 277 timet,
478 243 608 278 iactura,
625 242 766 278 quicquid
774 244 890 271 servari
893 246 989 279 potest
995 267 1001 280 ‚
1020 245 1145 274 redimit.

161 284 225 320 Eyo
237 286 347 319 tamen,
360 291 417 312 non
429 286 461 312 ut
472 284 611 312 damnum
623 284 738 319 quidem
747 284 862 319 facias,
880 285 1003 320 suadeo,
1015 286 1069 314 sed
1078 289 1111 314 ut
1121 289 1147 315 te
1157 289 1175 315 4

162 333 198 354 ac
209 333 332 361 reqnum
345 328 424 353 tuum
435 325 549 354 salubri
559 327 672 354 ratione
683 333 843 355 conserves.
865 325 929 355 Diis
940 327 1072 356 adversis
1083 327 1146 356 bet-

162 368 221 395 lum
241 368 360 401 inimus,
381 369 410 395 et
419 367 565 402 pertinax
582 366 707 401 fortuna
719 367 827 396 Persas
843 375 950 403 urqere
964 376 1021 397 non
1034 368 1147 397 desinit.

164 408 248 437 Novis
260 409 349 436 initiis
360 411 388 436 et
398 408 540 436 ominibus
550 415 624 444 opus
633 411 684 436 est.
706 407 875 444 Auspicium
893 411 922 437 et
932 410 1085 446 imperium
1096 410 1146 438 in-

162 451 244 479 terim
257 450 311 478 alii
322 449 416 484 trade,
429 450 481 485 qui
490 450 602 478 tamdiu
613 457 669 478 rex
681 451 859 486 appelletur,
873 451 964 479 donec
975 450 1046 479 Asia
1058 451 1146 479 dece-

162 491 214 520 a’at
225 492 320 525 hostis,
336 492 427 519 victor
438 491 545 519 deinde
556 498 679 526 reanum
692 491 744 519 tibi
752 491 868 520 reddat.
889 492 952 521 Hoc
962 495 1058 521 autem
1069 492 1149 521 brevi
1162 496 1178 520 5

160 533 297 568 futurum
308 533 384 561 ratio
393 533 542 569 promittit.
574 532 690 561 Bactra
702 533 812 561 intacta
823 536 891 561 sunt
898 555 905 567 ‚
929 533 1002 562 Indi
1014 538 1041 562 et
1052 533 1148 562 Sacae

161 576 191 603 in
210 577 261 603 tua
274 576 432 610 potestate.-
455 576 494 602 ἰοί
500 575 620 610 populi,
644 576 683 602 tot
695 575 855 608 exercitus,
875 577 914 603 tot
923 576 1049 610 equitum
1058 575 1148 611 pedi-

162 619 277 651 tumque
293 616 376 644 mitia
395 615 437 643 ad
454 614 654 644 renouandum
672 615 776 644 bellum
793 617 869 644 vires
879 619 1010 652 paratas
1031 617 1146 651 habent,

163 660 194 685 ut
204 657 299 685 maior
310 657 378 685 belli
387 657 475 685 moles
486 657 626 693 supersit,
648 664 736 692 quam
746 657 891 685 exhausta
904 658 948 686 sit.
993 657 1069 692 Quid
1080 658 1147 686 rui-
1159 661 1175 687 6

162 706 225 726 mus
243 698 394 726 beluarum
410 699 469 726 ritu
488 699 518 726 in
534 698 694 734 perniciem
709 705 765 726 non
777 697 996 727 necessariam?
1017 699 1148 727 Fortium

162 741 290 768 virorum
302 743 357 774 est,
379 740 473 775 mayis
490 743 609 768 mortem
627 742 823 774 contemnere,
845 748 933 776 quam
945 740 1039 769 odisse
1051 741 1147 769 vitam.

162 781 258 817 Saepe
269 781 366 809 taedio
378 781 487 809 laboris
498 781 541 809 ad
551 782 687 810 vilitatem
704 782 753 810 sui
761 783 974 817 compelluntur
986 782 1088 817 ignavi
1095 791 1103 809 :
1118 784 1150 810 at
1160 784 1175 811 7

162 823 236 851 nihil
248 824 340 851 virtus
351 823 538 858 inexpertum
549 823 658 851 omittit.
677 822 781 858 Itaque
791 824 922 851 ultimum
932 824 1058 851 omnium
1070 830 1148 851 mors

162 867 211 899 est,
224 864 266 892 ad
275 871 364 900 quam
376 871 433 892 non
443 864 530 899 piare
541 864 585 892 ire
596 865 667 892 satis
681 866 731 892 est.
760 864 888 892 Proinde
899 865 926 893 si
935 863 1059 899 Bactra,
1070 863 1150 900 quod
1159 867 1176 893 8

162 906 333 934 tutissimum
350 906 565 941 receptaculum
583 908 638 939 est,
659 906 797 941 petimus,
820 905 1008 941 praefectum
1020 906 1148 941 regionis

162 948 223 976 eius
236 946 357 976 Bessum
375 954 473 982 reqem
490 947 626 982 temporis
644 948 746 982 qratia
767 949 937 975 statuamus.
982 946 1149 983 Compositis

162 989 256 1022 rebus,
270 989 342 1017 iusto
353 989 419 1024 νομί
430 988 481 1016 tibi
487 988 678 1022 fiduciariam
689 988 818 1016 restituet
828 989 991 1024 imperium.

243 1027 310 1065 (27)
324 1029 412 1057 Haud
424 1028 531 1057 mirum
546 1032 601 1064 est,
621 1029 750 1058 Dareum
762 1036 821 1057 non
835 1033 1024 1066 temperasse
1039 1028 1147 1064 animo,
1161 1032 1177 1058 9

165 1078 356 1107 quamquam,
365 1074 424 1099 tam
439 1070 550 1106 impiae
565 1069 634 1099 voci
652 1074 796 1107 quantum
809 1071 895 1100 nefas
909 1070 1061 1106 subesset,
1076 1071 1148 1100 late-

164 1113 222 1141 bat.
246 1113 360 1149 ltaque,
376 1112 542 1147 Pessimum,
556 1111 660 1148 inquit,
675 1113 867 1148 mancipium,
883 1113 1042 1149 repperisti
1051 1120 1148 1148 exop-

164 1158 254 1183 tatum
277 1155 329 1182 tibi
348 1157 474 1190 tempus,
498 1161 553 1189 quo
569 1154 769 1190 parricidium
792 1152 947 1190 aperires?
986 1152 1151 1190 strictoque
1160 1156 1182 1181 1(

164 1194 288 1224 acinace
309 1194 522 1224 interfecturus
545 1203 613 1224 eum
638 1194 811 1230 videbatur,
834 1194 864 1224 ni
886 1202 1018 1232 propere
1031 1194 1149 1224 Bessus

164 1235 387 1282 Bactrianique,
404 1236 514 1272 [quasi]
531 1236 776 1272 depr,ecarentur
793 1235 921 1265 tristium
938 1236 1050 1273 specie,
1069 1239 1148 1265 cete

164 1286 238 1312 rum,
252 1277 277 1306 si
290 1281 509 1313 persev,eraret
518 1277 656 1313 vincturi,
666 1276 944 1307 circumstetissent.
956 1277 1172 1306 Nabarzanesl
1208 1267 1213 1290 ⁵

166 1318 283 1348 interim
299 1319 432 1355 elapsus,
449 1327 520 1348 mox
533 1322 562 1348 et
573 1319 690 1348 Bessus
703 1322 886 1348 consecutus
903 1318 1018 1355 copias,
1037 1318 1148 1355 quibus

164 1364 340 1397 praeerant,
367 1368 385 1388 a
406 1364 506 1389 cetero
532 1360 664 1389 exercitu
688 1360 832 1390 secedere
854 1360 971 1396 iubent,
999 1364 1150 1390 secretum

164 1401 266 1431 inituri
282 1401 451 1431 consilium.
487 1402 657 1431 Artabazus
674 1401 903 1431 convenientem
921 1401 1074 1439 praesenti
1091 1402 1170 1431 sor-1

163 1449 255 1473 tunae
271 1444 448 1472 sententiam
466 1451 555 1473 orsus
571 1443 707 1480 mitigare
720 1444 864 1479 Dareum,
880 1447 1050 1480 temporum
1064 1442 1148 1472 iden-

165 1485 258 1514 tidem
276 1485 454 1521 admonens,
471 1484 585 1521 coepit:
603 1485 693 1513 ferret
709 1493 807 1521 aequo
823 1484 923 1514 animo
941 1484 1147 1521 qualiumcun-

166 1534 240 1563 que,
267 1534 391 1555 suorum
412 1529 512 1556 tamen
535 1527 583 1554 vel
606 1525 760 1555 stultitiam
779 1527 827 1555 vel
849 1534 992 1556 errorem.
1033 1526 1149 1555 Instare

164 1568 381 1604 Alexandrum,
399 1575 532 1604 gravem,
549 1567 665 1597 etiamsi
683 1576 788 1597 omnes
801 1571 924 1604 praesto
941 1571 1059 1597 essent:
1077 1565 1149 1603 quid

166 1610 312 1644 futurum,
329 1609 355 1638 si
371 1608 524 1646 persecuti
540 1610 640 1646 sugam
657 1608 755 1646 ipsius
772 1608 960 1638 alienentur?
980 1608 1082 1644 Aegre
1098 1613 1168 1644 pti-1

165 1650 224 1679 ruit
238 1650 404 1680 Artabazo:
420 1655 450 1680 et
475 1659 658 1687 quamquam
673 1658 796 1679 movere
808 1654 907 1679 castra
920 1653 1072 1685 statuerat,
1089 1653 1149 1678 tur-

165 1691 244 1720 batis
265 1695 365 1721 tamen
382 1691 514 1721 omnium
530 1691 637 1721 animis
653 1692 762 1721 eodem
777 1691 806 1720 in
823 1692 890 1721 loco
907 1690 1049 1720 substitit.
1087 1689 1150 1719 Sed

166 1732 309 1762 attonitus
331 1732 479 1762 maestitia
499 1730 588 1761 simul
609 1737 638 1762 et
659 1732 871 1769 desperatione
897 1732 1092 1762 tabernaculo
1116 1739 1150 1760 se
