1215 1905
187 80 258 109 LlB.
274 80 308 108 X.
331 79 411 108 CAP.
427 79 505 113 Vlll,
523 78 676 109 5—cAP.
692 78 739 114 lX,
755 82 780 107 4.
804 89 843 115 με,
857 89 938 111 25-28,
949 88 986 115 Z.]
1046 78 1106 108 267

114 154 243 193 equites,
258 163 348 192 quam
359 155 384 184 si
398 163 452 184 rex
469 154 642 184 discordiae
657 158 800 184 auctores
816 154 994 188 dedidisset,
1013 155 1106 183 tulere

72 202 104 229 16
112 205 306 234 responsum.
349 196 403 226 His
419 196 613 232 renuntiatis,
636 204 692 225 sua
707 201 816 232 sponte
831 204 914 225 arma
931 195 1040 225 milites
1057 204 1105 224 ca-

113 239 207 276 piunt.
253 238 387 275 Quorun:
410 239 536 268 tumultu
558 246 575 267 e
590 237 674 274 regia
690 238 848 275 Phiiippus
864 237 999 273 excitus,
1014 237 1105 274 Nihil,

116 280 223 317 inquit,
237 280 377 310 seditione
391 284 434 310 est
446 289 526 317 opus.
571 279 646 308 Nam
667 281 744 309 inter
763 288 794 309 sc
816 281 990 309 certantium
1010 287 1106 316 prae-

74 327 102 354 17
112 325 188 358 mia,
217 323 269 359 qui
287 324 463 360 quieverint,
485 322 676 358 occupabunt.
721 321 815 350 Simul
834 325 1016 355 mementote,
1043 329 1105 350 rem

110 373 172 394 esse
196 372 261 393 cum
281 364 404 399 civibus,
431 364 534 400 quibus
552 371 632 400 spem
652 365 770 400 oratioe
790 365 846 392 cilo
867 364 1044 400 obrumpere
1065 363 1108 391 nd

72 406 216 435 18bellum
238 407 322 435 civile
338 407 564 443 properantium
579 408 629 434 est.
672 405 774 434 Altera
799 407 943 441 leyatz'one
963 413 1003 433 an
1023 406 1104 433 miti-

107 449 180 484 yart·
192 449 321 484 possint,
342 448 550 484 experiamur:
572 450 600 476 et
613 447 716 481 credo,
737 447 866 476 nondum
886 448 965 483 reyis
981 454 1105 482 corpore

71 490 233 526 19sepulto‚
255 490 298 518 ad
315 489 499 526 praestanda
519 490 548 517 ez·
560 490 636 517 iusta
651 496 749 518 omnes
763 497 824 518 esse
844 490 979 518 coituros.
1024 487 1107 522 Quod

109 531 152 560 ad
169 538 214 560 me
229 532 343 563 attinet.
365 531 493 560 reddere
507 530 561 560 hoc
575 531 729 567 imperium
747 531 839 562 malo,
861 538 948 566 quam
964 537 1105 559 exercere

109 574 215 602 civium
229 574 391 609 sanquine:
416 576 444 602 et
462 574 489 602 si
507 573 590 601 nulla
611 573 673 601 alia
694 572 870 601 concordiae
884 580 951 608 spes
971 575 1026 606 est,
1054 578 1105 599 oro

68 618 102 644 20
110 622 290 651 quaesoque,
307 616 404 651 eliye'te
417 615 568 650 potiorem.
613 613 734 643 Obortis
751 612 861 642 deinde
877 612 1024 647 lacrimis,
1041 611 1103 641 dia-

111 656 200 685 dema
216 655 344 685 detrahit
359 655 460 692 capiti,
477 656 622 691 dextram,
640 663 699 692 qua
714 655 745 684 id
759 655 890 691 tenebat,
906 654 1103 691 protendens,

68 702 100 727 21
111 702 142 727 ut
158 697 183 726 si
201 697 269 734 quis
286 705 320 726 se
337 696 505 734 digniorem
521 697 728 734 profiteretur,
744 696 907 733 acciperet.
947 697 1103 732 Ingentem

111 747 196 776 spem
221 738 332 769 indolis
355 743 424 768 ante
446 747 515 768 eum
534 739 613 768 diem
636 738 735 768 fratris
759 739 893 768 claritate
915 745 1103 775 suppressae

110 789 146 810 ca
161 780 318 810 moderata
334 780 478 810 excitavit
493 781 599 810 oratio.
644 781 750 817 ltaque
772 780 873 810 cuncti
895 779 1010 809 instare
1033 787 1102 808 coe-

66 826 100 851 22
109 826 228 859 perum,
244 826 284 856 ut,
303 829 382 858 quae
398 821 553 858 agitasset,
569 822 681 858 exequi
698 822 796 851 vellet.
840 821 974 851 Eosdem
997 829 1102 850 rursus

109 865 204 900 legat,
228 862 392 900 petituros,
408 866 442 892 ut
455 863 641 900 Meleagrum
657 863 774 892 tertium
793 864 902 892 ducem
918 862 1102 899 acciperent.

108 905 197 934 Haud
218 912 311 941 aegre
335 904 366 934 id
380 904 573 942 impetratum
589 909 644 934 cst.
687 905 761 933 Nam
784 909 814 934 et
835 905 988 934 abducere
1009 904 1101 933 Mele-

110 949 214 983 agrum
236 945 382 975 Perdicca
408 955 425 975 a
450 955 523 983 rege
544 946 686 983 cupiebat
708 950 737 975 et
761 955 853 976 unum
869 947 990 976 duobus
1006 945 1101 982 impa-

67 992 172 1018 23rem
200 988 331 1017 futurum
354 995 425 1017 esse
447 988 600 1017 censebat.
645 987 738 1024 Igitur
759 988 912 1025 Meiefigro
937 996 1005 1017 cum
1028 987 1101 1024 pha·

109 1031 198 1066 lange
224 1029 344 1059 obviam
368 1037 495 1066 egresso
517 1029 662 1059 Perdicca
682 1029 816 1066 equitum
842 1034 955 1059 turmas
981 1033 1101 1058 antece·

108 1072 185 1101 dens
202 1072 341 1101 occurrit.
379 1071 547 1108 Utrumque
562 1079 680 1108 agmen,
696 1076 799 1101 mutua
815 1071 996 1101 salutatione
1013 1071 1101 1105 facta,

108 1114 183 1149 coit,
204 1112 234 1142 in
256 1118 453 1150 perpetuum,
476 1118 508 1143 ut
530 1113 766 1148 arbitrabantur,
791 1113 958 1143 concordia
978 1117 1008 1142 et
1023 1120 1100 1148 pace

108 1155 234 1185 firmata.

505 1224 598 1252 CAP.
622 1224 670 1252 IX.

79 1289 92 1314 1
187 1283 254 1320 (28)
285 1284 346 1314 Sed
369 1284 427 1314 iam
451 1285 519 1314 satis
542 1285 782 1315 admovebantur
802 1285 1003 1314 Macedonum
1019 1284 1100 1322 genti

106 1326 186 1355 bella
201 1325 310 1355 civilia.
354 1326 428 1355 Nam
444 1331 473 1356 et
487 1326 666 1356 insociabile
681 1332 728 1356 est
742 1335 869 1364 regnum
884 1331 914 1356 et
928 1335 946 1356 a
962 1327 1100 1364 pluribus

76 1368 314 1404 aexpetebatur.
358 1367 488 1397 Primum
510 1377 583 1404 ergo
606 1369 757 1405 coiiegere
778 1368 874 1404 vires,
904 1368 1015 1398 deinde
1038 1368 1099 1398 dis-

106 1414 283 1445 perserunt:
300 1415 329 1439 et
345 1418 438 1447 quum
454 1409 591 1446 pluribus
608 1419 731 1447 corpus,
754 1419 844 1448 quam
861 1410 1009 1447 capiebat,
1026 1418 1098 1440 one-

106 1456 236 1486 rassent,
260 1456 361 1481 cetera
377 1452 511 1481 membra
527 1451 659 1482 deficere
676 1457 858 1489 coeperunt:
882 1452 1028 1489 quodque
1045 1452 1097 1481 im-

106 1492 223 1529 perium
240 1492 296 1522 sub
314 1502 374 1523 uno
391 1497 472 1522 stare
489 1493 653 1530 potuisset,
683 1494 753 1523 dum
775 1502 793 1523 a
814 1494 951 1530 pluribus
967 1493 1096 1524 sustine-

75 1538 92 1564 3
108 1538 168 1568 tur,
191 1534 258 1564 ruit.
302 1534 432 1565 Proinde
454 1534 519 1564 iure
541 1536 710 1572 meritoque
727 1537 861 1573 populus
876 1537 1033 1566 Romanus
1049 1544 1096 1566 sa-

104 1577 197 1606 lutem
213 1585 247 1606 se
264 1576 393 1613 principi
410 1585 466 1606 suo
483 1577 596 1607 debere
611 1578 784 1614 profitetur,
808 1577 859 1615 qui
875 1577 990 1613 noctis,
1007 1586 1097 1615 quarn

75 1622 93 1647 4
103 1625 203 1654 paene
219 1627 394 1655 supremam
410 1618 586 1654 habuimus,
611 1627 724 1649 novum
741 1619 827 1649 sidus
849 1619 955 1649 illuxit.
998 1619 1096 1649 Huius

105 1659 243 1696 hercule,
260 1668 320 1689 non
338 1660 412 1690 solis
429 1665 513 1690 ortus
536 1662 634 1690 lucem
657 1661 797 1698 caliganti
819 1661 952 1691 reddidit
972 1662 1095 1696 mundo,

106 1709 197 1736 quum
230 1701 294 1731 sine
328 1711 384 1732 suo
419 1701 517 1738 capite
552 1702 707 1733 discordia
738 1703 873 1733 membra
898 1703 1094 1741 trepidarent.

1181 1718 1201 1735 Q
