1215 1895
101 88 142 119 40
449 90 482 127 Q.
506 91 662 120 CURTII
684 92 791 121 RUFI

103 165 159 193 bus
179 163 261 201 Tyrii
287 164 408 193 duobus
431 164 527 201 captis
551 170 651 195 cetera
672 165 785 203 ingenti
808 170 975 197 terruerunt
999 172 1090 205 metu,

102 208 215 239 donec,
238 213 363 235 suorum
379 206 510 235 clamore
525 206 644 243 audito,
666 208 842 237 Alexander
857 209 986 239 classem
1002 209 1090 247 litori,

102 256 119 277 a
136 255 195 283 quo
213 246 349 276 fremitus
367 246 534 283 acciderat,
557 249 701 278 admovit.
735 249 833 279 Prima
854 258 871 279 e
891 249 1090 281 Macedonum
1102 255 1117 282 7

102 289 231 318 navibus
248 289 476 325 quinqueremis
493 290 653 320 velocitate
669 290 745 320 inter
760 296 877 321 ceteras
889 291 1025 322 eminens
1038 301 1089 322 oc-

101 330 207 360 currit:
224 338 314 366 quam
329 334 362 359 ut
376 338 568 367 conspexere
582 332 699 370 Tyriae,
716 333 794 362 duae
810 341 848 362 ex
863 333 986 363 diverso
1002 334 1032 362 in
1047 335 1088 363 la-

102 378 165 402 tera
181 372 246 402 eius
262 371 401 401 invectae
417 376 501 408 sunt,
528 372 556 401 in
578 381 705 410 quarum
720 375 844 404 aiteram
861 374 1089 412 quinqueremis

101 415 207 445 eadem
223 413 389 448 concitata,
418 417 448 443 et
468 413 536 450 ipsa
557 419 657 445 rostro
679 415 737 445 icta
759 420 806 445 est
820 421 849 446 et
864 417 944 445 illam
960 416 1089 446 invicem

101 456 204 486 tenuit.
240 456 366 492 lamque
388 462 438 491 ea,
468 464 547 492 quae
563 463 623 486 non
640 457 836 494 cohaerebat,
863 457 958 487 libero
975 458 1118 495 impetus

100 502 207 527 evecta
232 497 262 526 in
291 497 371 526 aliud
399 496 626 533 quinqueremis
653 499 730 528 latus
754 499 968 528 invehebatur:
997 507 1088 536 quum

101 538 325 576 opportunitate
340 538 415 567 mira
430 538 559 568 triremis
575 547 592 568 e
615 541 714 569 classe
729 541 895 569 Alexandri
917 541 946 569 in
963 549 1028 570 eam
1044 541 1088 577 ip-

100 589 180 616 sam,
205 589 284 618 quae
300 579 511 616 quinqueremi
526 580 712 618 imminebat,
735 586 815 612 tanta
838 582 867 611 vi
888 582 1019 619 impulsa
1033 587 1088 618 est,

100 627 130 652 ut
145 622 253 660 Tyrius
269 622 453 658 gubernator
467 621 497 650 in
513 630 596 651 mare
612 627 804 653 excuteretur
819 632 835 652 e
851 623 957 660 puppi.
984 623 1088 653 Plures
1100 629 1117 655 9

99 664 210 693 deinde
230 664 431 693 Macedonum
452 671 547 692 naves
570 664 801 700 superveniunt,
829 669 859 694 ct
883 673 938 693 rex
965 673 1089 702 quoque

99 706 217 735 aderat:
235 713 327 742 quum
342 704 424 743 Tyrii
436 704 608 734 inhibentes
620 705 711 735 remis
723 714 814 742 aegre
827 707 958 735 evellere
969 714 1086 741 navem,

100 755 179 784 quae
194 747 347 782 haerebat,
368 750 549 783 portumque
566 747 666 776 omnia
687 747 775 776 simul
797 747 918 784 navigia
937 752 1087 785 repetunt.

100 789 264 819 Confestim
285 797 340 818 rex
365 788 521 817 insecutus
543 793 663 824 portum
686 789 808 825 quidem
823 789 935 818 intrare
957 798 1016 819 non
1033 798 1086 826 po-

100 831 162 867 tuit,
179 839 271 868 quum
286 831 392 867 procul
410 838 426 858 e
441 829 534 858 muris
548 830 714 860 missilibus
729 836 979 868 summoveretur,
992 839 1086 860 naves

99 877 197 902 autem
215 880 321 901 omues
338 873 401 901 fere
417 875 468 900 aut
483 872 627 901 demersit
643 877 694 902 aut
710 872 799 909 cepit.

178 913 245 950 (19)
266 913 364 943 Biduo
382 912 492 943 deinde
507 913 546 942 ad
562 913 693 950 quietem
709 915 779 943 dato
797 914 956 950 militibus,
978 914 1084 943 iussis·
1097 919 1128 944 lo

99 965 158 993 que
181 960 210 985 et
230 956 360 985 classem
383 960 412 985 et
430 955 585 984 machinas
609 956 721 992 pariter
742 957 921 991 admovere,
948 960 980 985 ut
1001 956 1086 985 undi-

99 1006 158 1035 que
181 996 290 1027 territis
312 998 450 1031 instaret,
478 997 546 1033 ipse
562 998 590 1025 in
607 997 783 1027 altissimam
808 1003 917 1027 turrem
938 997 1085 1032 ascendit,

97 1039 212 1076 ingenti
233 1038 349 1074 animo,
378 1039 514 1076 periculo
532 1038 654 1067 maiore.
693 1039 811 1076 Quippe
827 1039 911 1076 regio
929 1038 1041 1076 insigni
1057 1044 1085 1068 et
1098 1047 1125 1073 11

97 1081 188 1110 armis
203 1080 387 1117 fulgentibus
404 1080 590 1117 conspicuus
606 1089 686 1109 unus
704 1081 868 1118 praecipue
884 1081 952 1110 telis
962 1081 1085 1117 peteba-

98 1128 153 1152 tur.
194 1123 231 1152 Et
252 1122 343 1159 digna
365 1130 491 1159 prorsus
507 1123 683 1160 spectaculo
700 1122 807 1152 edidit:
835 1123 945 1152 multos
961 1130 978 1151 e
993 1121 1086 1151 muris

97 1168 326 1201 propugnantes
343 1164 430 1194 hasta
446 1164 610 1199 transfixit,
634 1165 784 1200 quosdam
805 1164 894 1193 etiam
917 1163 1086 1193 comminus

97 1205 197 1242 gladio
225 1206 398 1243 clypeoque
424 1205 573 1242 impulsos
600 1205 824 1242 praecipitavit:
851 1206 965 1242 quippe
986 1205 1086 1240 turris,

98 1255 134 1277 ex
158 1256 217 1284 qua
239 1247 415 1283 dimicabat,
442 1247 534 1277 muris
551 1247 683 1277 hostium
703 1247 925 1284 propemodum
942 1247 1085 1276 cohaere—

98 1290 156 1319 bat.
191 1290 329 1326 Iamque,
354 1289 468 1319 crebris
491 1289 635 1318 arietibus
651 1297 795 1318 saxorum
812 1296 959 1325 compage
975 1289 1083 1324 laxata,
1096 1298 1128 1323 12

98 1330 281 1360 munimenta
298 1331 480 1366 defecerant,
496 1335 525 1360 et
538 1330 646 1360 classis
660 1330 823 1359 intraverat
835 1334 964 1367 portum,
979 1335 1008 1360 et
1020 1330 1084 1367 qui-

98 1373 167 1401 dam
189 1373 388 1402 Macedonum
410 1372 439 1401 in
463 1378 560 1402 turres
587 1371 717 1402 hostium
745 1372 882 1401 desertas
907 1375 1084 1401 evaserant:

98 1422 191 1450 quum
206 1414 296 1452 Tyrii,
314 1419 357 1444 tot
373 1414 460 1444 simul
476 1414 562 1444 malis
578 1414 665 1449 victi,
687 1413 737 1443 alii
753 1413 907 1450 supplices
927 1413 956 1442 in
973 1413 1085 1450 templa

98 1456 284 1493 confugiunt,
297 1456 356 1492 alii,
371 1456 486 1486 foribus
495 1456 615 1486 aedium
625 1455 783 1491 obseratis,
794 1459 946 1492 occupant
958 1455 1085 1484 liberum

96 1498 202 1527 mortis
218 1497 382 1534 arbitrium,
399 1498 534 1528 nonnulli
550 1502 639 1527 ruunt
657 1497 685 1526 in
702 1497 830 1532 hostem,
846 1497 927 1526 haud
943 1496 1027 1526 inulti
1043 1501 1084 1526 ta-

96 1547 164 1568 men
182 1539 316 1576 perituri,
332 1547 441 1577 magna
456 1548 527 1577 pars
545 1548 661 1569 summa
674 1543 820 1569 tectorum
833 1538 994 1574 obtinebat,
1009 1546 1084 1567 saxa
1094 1542 1127 1568 13

96 1586 126 1610 et
142 1581 288 1617 quicquid
305 1582 367 1611 sors
384 1582 412 1610 in
429 1590 535 1611 manus
551 1582 676 1611 dederat
688 1580 860 1617 ingerentes
874 1579 1083 1609 subeuntibus.

95 1622 280 1658 Alexander,
297 1623 444 1659 exceptis,
463 1623 513 1660 qui
529 1623 558 1652 in
575 1624 685 1659 templa
701 1623 907 1658 confugerant,
922 1628 1027 1659 omnes
1039 1620 1082 1650 in-

96 1663 192 1693 terfici
206 1663 371 1700 ignemque
387 1665 472 1694 tectis
489 1664 570 1693 iniici
586 1664 676 1694 iubet.
697 1664 751 1693 His
764 1671 820 1700 per
831 1671 1001 1700 praecones
1013 1665 1125 1699 pro-14

96 1704 256 1742 nuntiatis,
283 1713 370 1734 nemo
394 1710 491 1735 tamen
515 1710 647 1735 armatus
665 1713 753 1742 opem
768 1713 786 1734 a
800 1704 858 1734 diis
874 1709 977 1741 petere
994 1703 1082 1734 susti-
