1215 1905
219 106 291 134 LlB.
306 105 385 134 vnt,
410 104 490 134 CAP.
514 104 536 140 1,
559 106 676 134 14—37.
692 113 828 140 [vute-³.
846 111 884 136 z.)
1008 100 1069 130 177

37 180 210 213 25oecis0s.
254 181 336 217 Quae
360 184 473 217 patrem
496 188 650 216 nunquam
673 187 772 216 aequo
789 178 889 208 animo
906 185 977 207 esse
993 185 1064 207 con-

80 224 203 254 fessum,
220 222 345 252 invitum
359 222 419 251 filio
437 222 597 251 debentem
615 222 742 250 salutem
759 229 853 249 suam.
877 220 982 256 ltaque
995 224 1068 256 post

80 264 322 301 expeditionem,
347 271 436 300 quam
460 262 525 292 sine
542 270 578 292 eo
595 263 718 292 fecisset
734 262 800 298 ipse
818 262 845 290 in
862 261 999 298 Illyrios,
1023 261 1066 290 vi-

81 311 194 336 ctorem
211 304 374 342 scripsisse
396 312 430 334 se
453 304 543 341 patri,
568 305 654 334 susos
677 305 860 340 fugatosque
883 303 988 333 hostes
1010 311 1067 332 nec

38 347 207 379 maffuisse
222 354 352 383 usquam
367 345 546 383 Philippum.
590 346 693 375 Laude
710 345 819 382 dignos
835 353 921 377 csse,
940 353 998 374 non
1015 343 1067 381 qui

81 388 309 418 Samothracum
325 387 407 417 initia
424 388 571 423 viserent,
595 396 686 424 quum
702 387 806 416 Asiam
828 387 874 416 uri
892 386 1067 422 vastarique

81 433 243 467 oporteret,
260 429 315 458 sed
331 437 401 465 eos⁷
419 429 470 466 qui
487 428 690 466 magnitudine
707 436 805 457 rerum
823 429 913 458 fidem
929 433 1064 458 anteecs⁵<

82 472 204 501 sissent.

39 518 71 545 27
154 512 200 549 (4)
222 513 305 542 Haec
327 516 357 542 et
370 512 418 541 his
439 511 546 541 similia
562 512 629 541 laeti
646 511 770 540 audiere
786 511 928 545 iuvenes,
951 510 1067 548 ingrata

82 554 253 585 senioribus
270 558 363 586 erant,
379 554 507 583 maxime
520 558 644 590 propter
654 553 835 590 Philippum,
852 553 908 582 sub
925 561 985 589 quo
1001 553 1065 581 diu<

40 597 140 628 28tius
156 596 308 626 vixerant:
332 605 422 633 quum
439 595 546 629 Clitus,
570 603 606 624 ne
622 594 689 631 ipse
705 595 828 631 quidem
845 595 918 624 satis
935 593 1066 628 sobrius,

83 639 122 668 ad
143 646 214 673 eos,
242 637 293 674 qui
315 638 391 667 infra
412 637 512 674 ipsum
534 636 697 670 cubabant,
726 644 895 666 conversus
910 634 1066 672 Euripidis

83 679 195 709 rettulit
210 687 345 715 carmen,
362 679 403 709 ita
417 683 449 708 ut
465 687 559 708 sonus
581 677 677 713 magis
699 686 790 714 quam
812 685 913 707 sermo
929 677 1064 709 exaudiri

41 725 75 752 29
83 725 191 758 posset
206 729 223 750 a
239 729 325 758 rege,
349 729 409 757 quo
426 719 667 756 significabatur,
691 720 768 748 male
790 719 959 748 instituisse
976 718 1061 747 Gran-

83 771 154 797 eos,
177 764 260 799 quod
277 762 409 799 tropaeis
430 770 533 798 regum
556 761 711 790 dumtaxat
727 760 849 790 nomina
866 760 1064 789 inscriberen—

83 809 145 834 tur=
158 804 257 833 alieno
273 803 352 832 enim
367 802 514 839 sanguine
527 807 645 839 partam
657 802 783 839 gloriam
797 802 944 838 intercipi.
962 803 1067 839 ltaque

82 854 145 880 rex,
160 853 252 882 quum
265 845 480 882 suspicaretur,
492 843 651 880 malignius
659 843 793 873 habitum
801 852 872 873 esse
885 852 1066 879 sermonem,

42 891 76 918 3⁰
84 886 256 924 percontari
279 886 434 922 proximos
451 885 566 922 eoepit,
591 884 664 921 quid
686 893 723 914 ex
741 885 814 914 Clito
831 886 998 915 audissent.
1031 885 1068 915 Et

83 929 142 958 illis
163 928 203 957 ad
224 927 374 957 silendum
391 927 549 957 obstinatis
574 926 666 956 Clitus
690 926 832 963 paulatim
854 927 968 956 maiore
989 935 1067 956 voce

83 969 212 1006 Philippi
225 973 292 998 acta
303 969 444 1005 bellaque
456 968 486 997 in
495 968 621 997 Graecia
632 973 719 1004 gesta
730 973 954 1004 commemorat,
968 969 1068 998 omnia

40 1014 71 1041 31
81 1010 294 1048 praesentibus
320 1011 505 1047 praeferens.
548 1009 624 1038 Hinc
650 1009 728 1039 inter
753 1010 888 1040 iuniores
914 1018 1068 1048 senesque

84 1056 149 1082 orta
160 1052 312 1081 contentio
330 1056 384 1085 est,
401 1056 429 1081 et
445 1060 506 1086 rex,
524 1052 606 1080 velut
622 1051 770 1088 patienter
786 1051 912 1087 audiret,
930 1051 998 1088 quis
1012 1051 1068 1081 Cli-

41 1098 129 1124 32tus
146 1093 303 1123 obterebat
318 1094 424 1123 laudes
441 1093 521 1127 eius,
537 1093 689 1129 ingentem
704 1093 778 1123 iram
796 1099 988 1130 conceperat.
1015 1093 1067 1123 Ce-

83 1140 178 1165 terum
194 1144 287 1172 quum
302 1135 401 1164 animo
418 1135 570 1164 videretur
586 1134 796 1171 imperaturus,
812 1135 837 1164 si
854 1135 945 1164 finem
961 1143 1068 1172 proea-

84 1176 158 1206 citer
173 1181 239 1206 orto
253 1177 386 1206 sermoni
402 1176 494 1206 Clitus
508 1176 684 1213 imponeret,
702 1177 773 1206 nihil
787 1185 892 1206 eorum
905 1177 1067 1210 omittente,

42 1218 178 1255 33magis
194 1219 441 1255 exasperabatur,
484 1219 607 1254 Iamque
625 1218 718 1248 Clitus
738 1219 826 1248 etiam
842 1218 1070 1248 Parmenionem

84 1260 249 1290 defendere
264 1261 395 1289 audebat
410 1264 439 1289 et
453 1259 583 1296 Philippi
603 1260 640 1289 de
656 1260 895 1289 Atheniensibus
912 1260 1068 1290 victoriam

83 1302 250 1331 Thebarum
267 1302 457 1338 praeferebat
472 1301 608 1336 excidio,
624 1310 685 1331 non
702 1302 772 1331 vino
789 1302 895 1337 modo,
912 1303 966 1331 sed
979 1302 1068 1332 etiam

42 1343 172 1373 &animi
188 1352 282 1380 prava
298 1343 490 1373 contentione
507 1347 681 1380 provectus.
725 1343 775 1372 Ad
789 1343 940 1378 ultimum,
957 1344 992 1373 Si
1004 1353 1068 1373 mo·-

83 1386 227 1420 riendum,
241 1385 346 1422 inquit,
361 1390 404 1415 est
412 1393 472 1422 pro
483 1389 523 1419 te,
538 1385 627 1414 Cl2‘tzts
637 1389 680 1415 est
688 1387 822 1422 primus.-
837 1389 869 1414 at
879 1394 967 1422 quum
978 1388 1069 1415 victo-

83 1429 148 1456 riae
159 1428 312 1456 arbitrium
325 1429 402 1464 nqis.
419 1428 614 1464 praecipuum
622 1427 727 1462 ferunt
737 1429 916 1464 praemium,
936 1429 1069 1464 quipro-

43 1471 75 1498 35
83 1470 233 1498 caeissime
242 1471 339 1506 patris
350 1470 393 1498 tui
402 1470 559 1497 memoriae
572 1469 710 1498 illudunt.
731 1469 912 1504 Soydionam
924 1471 1071 1505 reqionem

85 1510 157 1539 mihi
165 1511 313 1543 attribuis,
336 1512 437 1539 totiens
450 1511 584 1539 rebellem
603 1514 631 1538 et
646 1519 703 1539 non
716 1511 800 1540 modo
814 1511 997 1543 2'7zdom2'tam,
1019 1511 1073 1540 sed

85 1560 161 1588 quae
173 1560 210 1581 ne
220 1553 317 1588 subigi
327 1552 442 1588 quidem
451 1553 552 1588 possit.
575 1551 676 1581 Mittor
687 1552 730 1580 ad
740 1552 827 1587 feras
839 1552 958 1587 bestias,
974 1561 1070 1589 prae-

45 1596 78 1623 36
85 1595 186 1630 cipitia
197 1595 315 1630 ingenia
326 1595 452 1622 sortitas.
487 1593 549 1622 Sed
562 1601 638 1629 quae
648 1594 691 1622 ad
699 1602 745 1622 me
750 1596 903 1630 periment
908 1617 914 1629 ,
937 1598 1071 1624 transeo:

85 1635 217 1672 Philippi
226 1636 328 1664 milites
339 1637 468 1672 spernis,
486 1635 590 1664 oblitus
598 1657 605 1669 ,
620 1636 679 1664 πίει·
687 1635 736 1664 hic
746 1635 906 1665 Atbarrtas
916 1644 1007 1665 senex
1020 1637 1072 1664 iu·-

85 1677 182 1706 m’ores
190 1685 322 1714 puqnam
335 1677 528 1706 detrectantes
541 1680 717 1712 revocasset,
732 1677 832 1706 adhuc
843 1685 895 1706 nos
909 1679 991 1707 cirea
1002 1677 1072 1706 Het-

46 1720 77 1748 37
85 1719 280 1747 licat-nassum
299 1719 440 1748 haesuros
455 1718 558 1753 fuisse.
604 1718 748 1752 Quomodo
765 1720 855 1754 iqitur
867 1719 966 1748 Asiam
983 1720 1073 1748 etiam

129 1767 208 1787 cunr.
225 1767 288 1787 nur.
826 1757 866 1789 12
