1215 1895
70 112 112 144 46
414 113 446 150 Q.
471 113 627 142 CURTII
649 113 756 143 RUFI

68 189 155 217 cinus
171 197 276 224 ausus,
292 187 426 224 gladium
439 189 549 224 clypeo
567 192 680 224 tegens,
695 187 782 225 quasi
799 189 955 227 transfuga
969 190 1054 228 geni-

66 230 124 259 bus
140 230 221 266 regis
237 229 419 258 advolvitur.
462 230 514 258 Ille
530 238 693 266 assurgere
709 229 880 266 suppilcem
895 231 1052 269 recipique

66 270 143 300 inter
158 279 232 300 suos
248 270 347 300 iussit.
382 271 422 299 At
436 271 593 306 barbarus,
615 271 715 308 gladio
733 270 854 300 strenue
870 272 899 300 in
916 272 1052 303 dextram
1063 278 1093 304 16

67 313 220 347 translato,
238 312 388 341 cervicem
400 312 516 348 appetit
530 312 626 349 regis:
644 313 704 349 qui,
720 313 830 350 exigua
843 314 982 350 corporis
1000 315 1050 343 de-

66 353 228 383 clinatione
252 353 363 383 evitato
388 352 463 388 ictu,
491 353 520 381 in
536 361 648 382 vanum
663 362 784 383 manum
799 354 919 383 barbari
934 356 1052 392 lapsam

66 399 200 432 amputat
214 395 325 431 gladio,
342 395 517 424 denuntiato
533 395 561 423 in
578 395 660 424 illum
676 395 754 424 diem
768 395 913 432 periculo,
930 399 963 425 ut
974 397 1052 425 arbi-

64 437 199 465 trabatur
213 437 295 472 ipse,
321 436 493 465 defunctus.
537 435 612 472 Sed,
629 441 661 466 ut
677 438 801 473 opinor,
817 437 990 467 inevitabile
1005 442 1092 469 estl'l

65 479 167 507 satum.
195 477 313 514 Quippe
329 478 399 506 dum
415 478 492 506 inter
506 477 655 514 primores
671 479 840 515 promptius
857 479 987 514 dimicat,
1004 488 1051 508 sa-

65 519 137 555 gitta
152 519 230 548 ictus
246 523 307 548 est:
325 527 415 555 quam
434 527 486 555 per
502 519 626 548 loricam
641 520 789 555 adactam,
805 524 935 550 stantem
950 521 979 549 in
997 521 1050 550 hu-

65 568 147 589 mero
174 559 310 589 medicus
337 559 403 589 eius
430 560 586 597 Philippus
612 561 722 590 evellit.
764 561 913 591 Plurimus
941 562 1051 592 deinde
1061 566 1093 592 18

65 602 189 637 sanguis
205 610 329 631 manare
344 602 459 638 coepit,
476 602 616 631 omnibus
632 602 757 638 territis,
781 602 851 639 quia
867 612 942 639 non,
959 612 1050 640 quam

65 644 123 672 alte
139 647 332 680 penetrasset
343 644 444 678 telum,
461 644 555 672 lorica
568 644 717 679 obstante,
734 648 951 680 cognoverant.
968 646 1049 681 Ipse,

64 692 102 712 ne
118 684 179 713 oris
196 685 318 721 quidem
334 685 437 713 colore
449 689 571 720 mutato,
590 685 739 722 supprimi
753 685 931 722 sanguinem
943 690 972 715 et
984 687 1048 715 vul—

63 734 120 755 nus
137 725 265 762 obligari
279 725 377 755 iussit.
420 725 476 754 Diu
491 730 561 755 ante
576 726 645 763 ipsa
661 726 763 763 signa,
785 727 835 756 vel
857 727 1047 757 dissimulato
1060 731 1092 758 19

64 768 111 796 vel
127 768 207 797 victo
225 767 340 801 dolore,
357 767 543 803 perstiterat:
562 777 654 804 quum
671 776 860 805 suppressus
873 770 965 805 paulo
982 772 1049 798 ante

63 808 188 845 sanguis
203 808 440 844 medicamento,
463 817 524 845 quo
540 814 675 838 retentus
692 814 771 844 erat,
798 818 921 839 manare
935 811 1049 847 largius

63 850 178 886 coepit,
195 854 225 879 et
240 850 364 884 vulnuS‚
383 850 466 886 quod
478 854 586 887 tepens
602 851 702 879 adhuc
718 852 855 880 dolorem
870 860 931 881 non
946 859 1049 882 move-

61 895 122 927 rat,
144 892 272 927 frigente
287 891 445 929 sanguine,
459 891 605 922 intumuit.
637 892 746 929 Linqui
762 893 873 922 deinde
888 893 989 923 animo
1015 896 1045 922 et
1058 897 1092 922 20

62 933 196 962 submitti
211 941 293 969 genu
308 932 424 970 coepit:
453 941 544 969 quem
564 933 694 970 proximi
715 938 877 970 exceptum
899 934 929 963 in
950 939 1050 964 castra

63 978 252 1011 receperunt.
272 974 309 1003 Et
323 973 406 1004 Betis
422 974 613 1004 interfectum
627 979 711 1004 ratus
726 976 831 1005 urbem
844 984 940 1005 ovans
953 976 1048 1005 victo—

61 1016 106 1045 ria
120 1016 240 1052 repetit.

142 1057 209 1093 (28)
230 1058 271 1086 At
283 1058 467 1093 Alexander,
483 1058 618 1087 nondum
630 1062 792 1094 percurato
808 1059 942 1094 vulnere,
958 1066 1046 1095 agge-
1056 1063 1087 1087 21

61 1107 132 1134 rem,
150 1107 210 1135 quo
223 1099 376 1129 moenium
387 1098 574 1128 altitudinem
586 1103 739 1136 aequaret,
753 1100 885 1129 extruxit
896 1099 1047 1136 pluribus-

61 1148 121 1176 que
137 1140 284 1170 cuniculis
299 1149 403 1170 muros
419 1140 525 1170 subrui
540 1140 637 1170 iussit.
661 1140 814 1177 Oppidani
830 1141 869 1170 ad
885 1140 1044 1177 pristinum
1055 1145 1089 1171 22

61 1181 213 1218 fastigium
236 1182 387 1211 moenium
409 1190 521 1211 novum
547 1186 710 1211 extruxere
731 1181 962 1217 munimentum,
991 1183 1047 1212 sed

60 1232 98 1252 ne
119 1223 151 1252 id
171 1222 293 1259 quidem
319 1227 416 1252 turres
445 1223 548 1260 aggeri
573 1223 732 1260 impositas
760 1228 879 1260 poterat
903 1231 1045 1259 aequare,

59 1266 165 1301 Itaque
180 1264 322 1294 interiora
338 1272 461 1301 quoque
476 1264 559 1293 urbis
581 1265 690 1294 infesta
712 1264 778 1294 telis
801 1269 894 1294 erant.
936 1264 1087 1295 Ultima23

62 1307 156 1343 pestis
171 1305 255 1335 urbis
271 1306 326 1335 fuit
341 1306 480 1335 cuniculo
494 1306 637 1335 subrutus
649 1314 762 1340 murus,
776 1314 831 1342 per
844 1307 930 1335 culus
942 1306 1046 1335 ruinas

59 1347 157 1377 hostis
173 1347 302 1377 intravit.
335 1347 471 1377 Ducebat
486 1347 553 1384 ipse
565 1355 619 1376 rex
631 1347 857 1384 antesignanos,
874 1351 904 1377 ct
915 1348 986 1377 dum
1001 1347 1045 1376 in-

60 1388 178 1418 cautius
194 1388 283 1425 subit,
297 1397 372 1419 saxo
386 1397 456 1418 crus
469 1388 535 1418 eius
548 1388 700 1425 affligitur.
722 1388 848 1418 Innixus
861 1393 960 1418 tamen
975 1390 1044 1424 telo,
1054 1393 1088 1419 24

60 1431 195 1460 nondum
210 1431 320 1467 prioris
336 1430 469 1460 vulneris
489 1431 622 1460 obducta
638 1430 787 1466 cicatrice,
803 1430 880 1460 inter
895 1431 1044 1467 primores

60 1472 194 1507 dimicat,
212 1473 256 1501 ira
271 1480 395 1509 quoque
410 1480 576 1508 accensus,
600 1472 683 1509 quod
699 1472 759 1501 duo
774 1471 805 1500 in
821 1471 982 1501 obsidione
996 1480 1044 1501 ur-

60 1513 105 1542 bis
128 1513 193 1543 eius
212 1514 339 1544 vulnera
358 1518 527 1551 acceperat.
568 1513 680 1550 Betim,
703 1512 825 1550 egregia
846 1513 927 1543 edita
941 1521 1045 1549 pugna
1053 1517 1085 1542 25

58 1555 223 1591 multisque
237 1555 414 1585 vulneribus
428 1556 612 1591 consectum,
636 1555 837 1585 deseruerunt
852 1554 914 1590 sui,
930 1562 986 1583 nec
1001 1559 1043 1583 ta-

59 1604 127 1626 men
143 1596 268 1633 segnius
283 1597 433 1634 proelium
449 1597 646 1635 capessebat,
668 1596 792 1626 lubricis
808 1595 900 1626 armis
916 1603 973 1625 suo
988 1603 1043 1632 pa-

57 1638 130 1668 riter
149 1642 241 1675 atque
262 1638 395 1668 hostium
417 1638 575 1676 sanguine.
619 1638 681 1668 Sed
707 1646 800 1675 quum
820 1637 957 1674 undique
977 1635 1044 1666 telis
1053 1639 1087 1667 26

60 1684 208 1717 [peteretur,
231 1685 264 1709 ad
282 1690 452 1717 postremum,
473 1685 603 1710 exhaustis
621 1686 732 1716 viribu5‚
758 1685 831 1709 vivus
851 1685 876 1707 in
895 1686 1044 1715 potestatem

59 1725 168 1749 hostium
189 1724 330 1757 pervenitJ:
362 1731 423 1759 quo
450 1723 598 1759 adducto,
626 1721 766 1751 insolenti
787 1720 898 1757 gaudio
924 1718 1043 1750 iuvenis
