1210 1895
94 117 129 134 xu
493 109 728 134 PRAEFATIO.

95 177 164 208 pium
185 180 266 200 autem
287 175 414 204 collocavi,
435 176 494 206 quia
520 175 618 200 Curtius
637 175 688 200 fere
707 183 806 208 semper
833 176 972 208 participiis
993 184 1065 201 casus
1088 185 1118 203 ez

94 212 126 234 iis
146 218 224 234 nexos
243 211 382 241 postponit.

162 245 193 272 V,
212 243 230 268 8
250 243 319 275 (24),
337 243 363 269 3.
387 243 518 274 fidelitate.
554 244 637 276 Vulgo
660 245 725 275 fide,
747 244 820 268 codd.
838 244 955 274 fideliter.
990 245 1024 269 V.
1043 245 1117 277 epist.

95 286 119 309 p.
141 277 184 302 40.
205 278 277 307 Quod
297 278 323 302 Z.
343 278 411 307 dicit,
427 278 537 308 fidelitas
554 279 623 309 apud
639 277 749 302 Curtium
765 285 814 302 non
830 278 945 307 inveniri,
960 286 1047 302 verum
1065 279 1119 309 qui-

95 312 151 336 dem
171 317 224 339 est,
248 312 293 335 sed
313 319 390 342 quum
409 312 502 342 alloqui
521 313 627 343 probum
653 313 758 343 locoque
782 312 941 344 aptissimum
961 313 994 336 sit
1013 314 1119 337 vocabu—

96 347 156 375 lum,
177 354 225 370 uon
245 346 358 370 dubitavi
377 347 496 378 recipere.

162 380 193 409 V,
212 379 228 405 9
248 378 315 411 (26).
338 380 361 404 1.
395 388 482 411 supra.
518 379 560 404 Sic
579 381 610 404 de
628 381 767 405 certissima
785 380 892 404 Acidalii
915 381 1055 405 coniectura
1074 388 1119 412 pro

94 413 197 446 vulgato
216 421 292 445 saepe
313 415 412 446 scripsi.
448 414 510 443 Quis
528 415 628 438 tandem
649 415 698 438 sibi
715 415 872 446 persuadeat,
888 414 998 439 Curtium
1016 415 1042 439 in
1057 415 1119 439 duo-

93 448 141 471 bus
159 449 247 480 primis
265 449 336 472 libris
354 449 490 480 deperditis
510 453 560 472 tam
579 449 641 473 levis
659 450 778 473 momenti
795 456 848 473 rem
870 456 945 480 saepe
969 455 1119 474 commemo-

94 489 174 513 rasse,
218 483 347 506 raesertim
366 490 443 513 quum
466 483 507 510 VI,
535 482 549 506 5
573 483 644 515 (14),
670 483 693 507 l.
718 484 772 507 eius
794 483 885 507 iterum
909 483 1060 507 mentionem
1083 483 1119 507 {a-

93 517 159 540 ciat?
200 490 318 541 {eterum
342 517 376 541 ibi
401 518 425 541 in
450 516 562 540 eiusdem
589 518 623 541 rei
642 517 801 548 hominisque
821 518 1056 542 commemoratione
1078 525 1118 541 su-

111 558 142 574 ra
179 551 253 574 osuit.

91 557 108 581 p
160 558 193 613 gf,
214 585 246 609 10
264 581 335 615 (27),
356 584 398 609 10.
420 582 513 616 [qnasi]
531 585 734 615 deprecarentur.
772 586 803 609 V.
824 586 898 616 epist.
916 593 941 617 p.
959 585 1003 611 33.

160 619 191 647 V,
211 619 241 644 ll
262 617 334 650 (30),
355 618 380 644 6.
407 620 498 642 utinam
522 620 617 643 etiam
641 621 738 644 ceteris.
774 619 859 651 Vulgo
881 622 905 643 et
922 621 955 643 in.
1002 620 1118 644 Dutivum

93 653 215 677 sententia
235 653 328 683 requiri
347 653 447 677 Medius
466 653 515 677 iam
531 658 555 677 et
570 654 709 677 Miitzellius
727 654 847 678 viderunt
882 653 921 677 Illi
938 654 1013 686 igitur
1028 655 1052 678 z'n
1069 655 1118 677 eie-

93 691 185 715 cerunt,
206 695 253 719 ego
273 690 297 710 et
316 688 340 711 in
358 688 453 711 mutavi
471 687 496 710 in
514 688 593 711 etiam.

160 722 190 748 V,
215 721 243 745 ΙΙ
265 720 335 751 (31),
355 719 380 746 7.
401 722 543 751 interpretis
562 720 626 754 [ore]
647 722 735 745 relato.
772 721 802 744 V.
823 721 895 753 epist.
918 729 943 753 p.
962 720 1006 746 34.

159 755 190 784 V,
212 755 243 780 11
263 753 333 786 (31),
352 754 378 780 8.
399 757 423 779 in
440 756 520 779 ultimo
539 755 678 780 discrimine
698 759 722 779 et
737 755 855 786 fortunae
873 759 929 779 tuae
950 760 973 779 et
990 756 1048 780 vita.
1086 756 1117 779 V.

94 789 168 820 epist.
187 796 214 820 p.
233 788 278 813 40.

158 824 188 851 V,
210 823 239 848 ll
260 822 329 854 (31).
350 823 392 847 10,
417 822 539 851 Eludant,
561 824 693 848 rideant
716 824 772 848 licet
790 837 833 847 —.
870 824 952 855 Vulgo
972 823 1071 847 eludant
1088 823 1117 846 li-

91 860 140 884 cet,
163 858 208 881 sed
226 858 298 882 codd.
319 857 421 881 eludant
439 858 557 881 videlieet.
606 859 632 882 Z.
652 858 751 882 codices
769 858 895 888 seqnitur,
916 858 1006 881 fatetur
1025 863 1116 887 tamen,

90 891 203 915 videlieet
221 899 269 916 non
288 896 347 923 apte
365 899 421 915 cum
441 892 599 916 coniunctivo
618 893 749 924 coniungi,
774 892 819 916 sed
840 892 933 922 requiri
950 893 1014 917 licet.
1050 892 1117 915 Idem

90 925 232 949 Miitzellius
252 930 276 949 et
294 926 395 957 Ieepius
413 927 553 950 rectissime
571 930 691 950 statuunt.
727 927 779 950 Iam
798 926 872 950 facile
891 926 974 955 fuerit,
992 926 1118 957 corrigere

90 960 203 983 eludent.-
228 968 284 984 cum
304 960 387 984 futuro
415 961 479 984 enim
506 961 619 985 videlicet
643 965 708 985 recte
727 961 895 992 coniungitur.
932 960 1017 991 Neque
1035 963 1117 983 tamen

90 994 152 1017 illud
171 997 272 1026 tempus
290 995 315 1019 in
339 994 386 1018 hac
407 995 545 1018 sententiae
569 994 766 1019 conformatione
791 995 873 1018 locum
891 994 983 1019 habere
1003 994 1117 1018 arbitror.

91 1029 176 1058 [taque
195 1029 296 1052 rideant
313 1029 370 1052 lieet
389 1029 487 1060 scripsi.
525 1028 611 1052 Statuo
631 1030 705 1055 enim,
723 1028 846 1060 syllabam
862 1032 907 1053 ant
921 1029 1054 1054 excidisse.
1075 1027 1117 1051 de-

91 1062 148 1086 inde
167 1070 200 1086 ex
219 1063 275 1086 ride
299 1063 355 1086 licet
382 1062 477 1086 factum
501 1070 557 1087 esse
579 1063 698 1087 videlieet.
743 1063 779 1087 De
798 1067 850 1087 toto
869 1063 918 1087 hoc
944 1063 998 1087 loco
1018 1063 1116 1093 Ieepius

89 1096 130 1128 (p.
154 1095 210 1127 60.)
231 1097 382 1128 disputavit,
403 1097 448 1120 sed
466 1097 548 1120 virum
570 1097 756 1125 doctissimum,
782 1098 824 1128 qui
845 1101 926 1121 cetera
946 1097 1029 1120 omnia
1048 1097 1117 1128 inge-

89 1131 174 1159 niose,
206 1131 283 1154 multa
306 1131 451 1154 felicissime
470 1132 597 1162 tractavit,
622 1131 647 1155 in
669 1131 717 1155 hoc
739 1131 792 1155 loco
819 1131 976 1163 expediendo
995 1135 1019 1154 et
1038 1130 1117 1161 expli-

90 1165 170 1189 cando
189 1166 265 1188 miror
285 1172 386 1195 prorsus
406 1172 420 1188 a
439 1172 497 1189 vero
518 1166 656 1189 aberrasse.

156 1199 199 1228 VI,
223 1199 233 1222 1
254 1197 305 1229 (3),
325 1198 365 1222 20.
392 1206 409 1222 a
434 1206 481 1230 quo
500 1199 693 1223 Lacedaemonii
709 1212 744 1217 —
757 1201 871 1230 precati:
891 1208 907 1223 a
926 1207 1001 1230 reae
1018 1202 1117 1222 autem

88 1234 182 1257 veniam
195 1233 339 1263 defectionis
354 1246 388 1250 —
401 1233 602 1263 impetraverunt.
639 1233 748 1257 Tandem
767 1234 832 1257 hunc
848 1234 930 1257 locum
941 1232 1116 1257 difficillimum

89 1274 192 1298 prorsus
210 1267 369 1291 emendatum
388 1274 444 1291 esse
459 1268 574 1292 arbitror.
610 1267 723 1292 Tractavi
739 1275 795 1291 eum
813 1269 886 1299 epist.
902 1276 928 1299 p.
948 1265 979 1292 17
989 1275 1055 1297 sqq..
1072 1267 1116 1290 sed

90 1301 226 1325 admodum
247 1302 390 1325 dubitanter
403 1306 495 1333 yratae
514 1302 663 1326 adjectivum
686 1302 795 1330 defendi,
813 1307 864 1325 tum
882 1303 939 1332 quin
954 1301 1017 1325 illud
1034 1302 1115 1333 ipsum

88 1343 138 1359 non
156 1335 232 1359 valde
250 1336 372 1367 placebat,
393 1340 445 1359 tum
464 1341 566 1368 propter
584 1337 787 1367 discrepantiam,
804 1344 868 1366 quae
882 1337 919 1360 sic
933 1337 996 1360 inter
1012 1335 1115 1359 Diodori

88 1374 113 1393 et
133 1369 210 1393 Curtii
231 1371 386 1394 narrationes
405 1370 518 1394 oriretur.
556 1371 610 1394 Non
627 1370 704 1394 multo
720 1375 776 1401 post
794 1378 870 1400 quam
888 1370 1020 1402 epistolam
1038 1370 1115 1397 edidi,

88 1404 148 1429 vidi,
168 1411 213 1435 pro
230 1408 312 1436 geute.
332 1404 399 1434 quod
419 1405 443 1428 in
464 1405 566 1435 optimis
586 1404 656 1428 libris
676 1409 722 1431 est,
744 1412 775 1429 ex
793 1413 841 1435 quo
862 1405 888 1428 Z.
909 1404 1032 1435 Tegeatae
1049 1403 1115 1429 fecit.

88 1438 246 1462 scribendum
270 1446 326 1462 esse
352 1447 367 1462 a
389 1446 448 1470 reye
473 1443 558 1463 nutem.
605 1439 701 1462 Primae
720 1439 785 1462 enim
803 1439 914 1471 syllabae
934 1447 949 1462 a
968 1446 997 1462 re
1014 1441 1116 1470 propter

88 1473 262 1496 antecedentes
282 1473 318 1496 ati
335 1473 520 1496 interciderunt.
565 1473 661 1497 Etenim
676 1473 701 1496 in
716 1472 767 1496 Pal.
780 1473 801 1497 1.
822 1473 880 1497 Mer.
893 1473 949 1497 Ald.
968 1473 1072 1503 precari
1081 1471 1114 1495 le-

87 1506 168 1538 gitur:
188 1507 237 1530 iam
248 1507 269 1530 si
281 1507 315 1530 ita
325 1507 483 1530 coniunxeris
498 1507 622 1539 syllabas:
639 1508 760 1538 ariyeate,
777 1507 884 1535 videbis,
897 1507 958 1531 haec
972 1514 1051 1538 paene
1066 1507 1114 1529 iarn

87 1547 142 1564 esse
163 1548 179 1563 a
196 1548 255 1571 rnge
276 1545 363 1571 autem,
385 1541 508 1571 siquidem
527 1545 605 1566 autem
623 1549 668 1573 per
686 1541 860 1572 compendium
881 1542 1002 1565 scribitur.
1036 1540 1114 1563 Tanto

87 1575 216 1598 certiorem
237 1574 302 1598 hanc
320 1575 487 1599 coniecturam
503 1575 576 1605 duco,
593 1576 651 1606 quia
666 1576 689 1599 in
705 1575 809 1599 eandem
820 1575 871 1599 fere
881 1575 978 1607 Ieepius
989 1574 1027 1606 (p.
1039 1572 1114 1604 425.)

86 1608 185 1632 incidit:
203 1621 238 1625 —
252 1609 354 1638 precati
371 1617 387 1632 a
407 1617 465 1640 φερε
484 1612 576 1634 ventam
594 1623 628 1628 —-
646 1611 844 1639 impetraverunt.

152 1642 195 1671 VI,
214 1641 231 1666 3
250 1641 303 1673 (8),
324 1641 348 1667 9.
369 1643 534 1674 insequentur.
570 1644 664 1668 Heinsii
677 1644 743 1667 haec>
751 1644 905 1668 coniectura:
925 1644 949 1668 in
965 1643 1037 1667 codd.
1050 1642 1114 1673 opti-

85 1676 132 1699 mis
150 1677 174 1700 εἰ
190 1680 322 1707 sequentur
342 1678 461 1708 scriptum
481 1681 526 1701 est.

153 1710 195 1737 VI,
215 1709 231 1734 6
250 1709 320 1741 (21),
343 1710 380 1734 10.
407 1719 454 1742 qno
472 1712 570 1735 tandem
587 1719 641 1736 ore.
684 1712 792 1743 Egregia
817 1717 841 1735 et
864 1712 978 1736 omnibus
1003 1710 1112 1734 numeris
