1215 1905
117 87 179 119 256
459 88 492 123 Q.
517 87 671 117 CURTII
692 88 800 117 RUFI

119 173 204 189 eorum
223 165 277 189 eius
295 172 376 195 neque
392 162 470 187 multo
490 167 547 195 post
564 163 613 195 ipsi
632 171 731 194 quoque
750 165 805 196 regi
821 165 932 191 extorsit.
967 165 1061 189 Pueros
1078 165 1103 188 in

118 200 200 223 stadio
220 202 344 223 certantes
360 198 496 230 spectabat,
517 204 594 228 quum
609 198 744 229 nuntiatur,
767 198 872 223 deficere
886 198 1102 230 Hephaestionem,

118 234 175 264 qui,
198 233 284 257 morbo
301 240 332 256 ex
348 231 450 263 crapula
465 234 590 255 contracto
600 249 605 259 ‚
625 233 759 263 septimum
781 233 830 256 iam
850 232 916 257 diem
933 232 1103 257 decumbebat.

118 267 258 291 Exterritus
276 266 350 290 amici
365 265 478 298 periculo
497 265 581 289 statim
599 266 728 297 consurgit
746 269 770 290 et
786 266 818 290 ad
833 265 970 298 hospitium
987 266 1054 290 illius
1064 273 1104 290 ce-

117 301 201 325 leriter
215 301 310 332 pergit:
330 307 412 331 neque
430 303 512 324 tamen
528 300 598 331 prius
617 307 646 323 eo
661 300 781 331 pervenit,
801 307 876 331 quam
891 300 962 324 illum
978 307 1045 324 mors
1063 307 1104 323 oc-

118 338 245 366 cupasset.
273 335 301 358 ld
320 335 373 366 regi
393 334 514 365 omnium,
532 340 597 363 quae
616 334 640 357 iu
659 334 711 357 vita
727 333 872 367 pertulerat,
889 334 1052 359 adversorum
1067 333 1104 357 lu-

119 369 306 393 ctuosissimum
323 368 445 392 accidisse
465 371 558 391 eertum
573 367 687 396 habetur,
706 375 812 398 eumque
828 368 1000 400 magnitudine
1012 367 1104 392 doloris

119 403 144 427 in
163 402 279 427 lacrimas
302 407 325 426 et
344 402 452 426 lamenta
468 402 560 425 victum
581 401 657 425 multa
680 402 755 425 animi
776 402 807 426 de
822 403 903 435 gradu
923 402 1011 426 deiecti
1029 409 1104 433 argu-

119 440 203 461 menta
223 437 342 461 edidisse.
380 435 430 460 Sed
449 443 478 459 ea
494 435 593 466 quidem
614 436 682 459 varie
698 436 841 460 traduntur:
859 436 920 461 illud
937 437 1000 460 inter
1017 443 1104 460 omnes

120 474 225 502 constat,
245 475 272 494 ut
291 478 365 500 quam
385 469 576 494 decentissimas
593 470 711 500 exequias
728 471 750 494 ei
771 470 880 499 duceret,
899 470 1012 494 noluisse
1026 470 1104 494 Ecba-

118 505 184 529 tanis
203 504 313 536 sepeliri,
331 505 375 529 sed
390 503 549 535 Babylonem,
570 511 618 534 quo
636 504 689 535 ipse
706 511 870 528 concessurus
886 508 947 532 erat,
963 504 1106 528 aPerdicca

120 538 211 563 deferri
240 546 342 562 curasse
368 539 452 569 ibique
473 538 547 562 funus
570 537 680 561 inaudito
711 538 816 562 antehac
839 538 953 570 exemplo
973 538 1105 563 duodecim

118 572 238 597 talentum
260 572 361 596 milibus
383 572 515 597 locavisse.
552 572 599 596 Per
619 572 763 596 universum
786 576 851 596 certe
875 572 1007 604 imperium
1025 571 1105 604 lugeri

119 614 176 631 eum
196 607 282 631 iussit:
305 610 329 630 et
351 614 382 630 ne
399 606 520 630 memoria
536 606 589 629 eius
612 606 637 629 in
653 606 764 630 exercitu
783 606 950 638 exolesceret,
970 606 1104 637 equitibus,

119 640 175 671 quis
193 640 343 672 praefuerat,
359 639 454 664 nullum
470 639 592 671 praefecit
608 639 705 671 ducem,
721 640 767 664 sed
778 640 968 673 Hephaestionis
980 640 1045 664 alam
1061 647 1105 671 ap-

118 674 207 707 pellari
223 674 303 699 voluit
322 678 355 706 et,
375 681 439 704 quae
455 673 498 698 ille
516 674 589 705 signa
608 674 765 704 instituisset,
782 682 812 698 ea
830 682 879 699 non
895 674 1029 700 immutari.
1056 674 1104 698 Fu-

119 709 206 733 nebria
223 708 358 733 certamina
377 708 508 738 ludosque,
527 708 613 738 quales
629 715 756 739 nunquam
769 709 829 733 editi
844 708 959 738 fuissent,
971 708 1104 733 meditatus

118 743 166 767 tria
188 742 308 767 artificum
331 741 399 766 milia
423 742 518 774 coegit:
548 742 590 773 qui
609 749 658 766 non
679 742 756 766 multo
776 746 834 774 post
849 743 874 767 in
893 743 973 775 ipsius
991 742 1105 773 exequiis

120 781 228 802 certasse
248 777 369 802 feruutur.
410 776 462 800 Nec
487 776 560 800 amici
581 780 631 800 tam
653 776 734 800 effuso
753 777 845 801 affectu
867 777 900 801 ad
922 776 1104 801 conciliandam

120 812 173 836 eius
193 811 299 844 gratiam
315 810 425 842 segniter
440 811 480 834 usi
496 810 607 834 certatim
624 818 764 842 repperere,
782 818 828 842 per
843 818 908 842 quae
926 810 1047 835 memoria
1062 810 1105 834 de-

120 845 198 870 functi
214 845 303 869 clarior
318 843 512 875 honoratiorque
528 844 606 868 fieret.
642 845 720 876 Igitur
735 845 868 876 Eumenes,
888 852 964 876 quum
981 852 1008 868 se
1024 845 1055 868 ob
1071 844 1104 867 si-

119 879 247 904 multatem
263 885 320 903 cnm
332 878 514 910 Hephaestione
530 879 597 910 regis
613 878 811 910 indignationem
826 879 960 903 iucurrisse
975 879 1104 909 sensisset,

120 913 204 937 multis
223 916 308 937 auctor
327 912 373 936 fuit
392 919 469 943 seque
488 916 512 936 et
535 919 603 936 arma
622 919 667 936 sua
682 912 861 944 Hephaestioni
880 912 1042 937 consecrandi
1059 918 1104 943 pe-

119 948 255 977 cuniasque
271 946 304 971 ad
323 946 536 970 cohonestandum
555 946 631 970 funus
654 946 723 978 large
743 946 856 972 contulit.
893 946 944 970 Hoc
962 945 1105 977 exemplum

118 981 208 1005 imitati
226 984 283 1004 sunt
299 981 391 1004 ceteri:
410 987 489 1010 eoque
505 987 564 1003 mox
583 980 706 1011 processit
725 980 922 1005 assentationum
939 980 1105 1012 impudentia,

119 1020 145 1039 ut
161 1015 214 1046 regi
236 1021 347 1038 maerore
366 1017 390 1038 et
409 1014 534 1038 desiderio
554 1013 664 1038 defuncti
685 1014 818 1038 insanienti
838 1021 986 1046 persuasum
1004 1014 1105 1038 tandem

119 1049 209 1077 fuerit,
227 1048 302 1073 deum
318 1055 374 1072 esse
392 1047 610 1079 Hephaestionem.
650 1048 703 1077 Quo
720 1049 820 1079 quidem
837 1052 948 1080 tempore
969 1056 1001 1072 ex
1020 1048 1104 1079 copia<

119 1091 173 1107 rum
191 1083 296 1107 ducibus
316 1081 467 1114 Agathocles
485 1082 583 1106 Samius
602 1081 635 1106 ad
653 1086 790 1106 extremum
809 1083 914 1114 periculi
929 1083 1012 1113 veuit,
1037 1081 1105 1112 quod

118 1117 185 1141 illius
205 1117 327 1141 tumulum
345 1116 497 1147 praeteriens
513 1116 675 1140 illacrimasse
693 1117 763 1140 visus
782 1120 856 1141 esset.
881 1117 918 1140 Ac
935 1117 983 1140 nisi
1002 1116 1104 1140 Perdic-

117 1158 169 1182 cas,
180 1151 281 1175 venanti
300 1151 347 1174 sibi
359 1150 569 1182 Hephaestionem
585 1150 732 1182 apparuisse
751 1151 892 1180 ementitus,
910 1157 956 1182 per
973 1150 1033 1174 deos
1052 1157 1105 1174 om-

119 1193 163 1209 nes
179 1186 311 1217 ipsumque
328 1184 536 1216 Hephaestionem
554 1185 698 1213 deierasset,
713 1192 744 1208 ex
756 1185 812 1216 ipso
823 1191 850 1208 se
863 1185 1022 1217 cognovisse,
1035 1184 1103 1215 Aga-

119 1218 226 1243 thoclem
245 1226 294 1243 non
310 1222 336 1242 ut
356 1223 479 1243 mortuum
495 1222 519 1242 et
537 1226 617 1243 vanae
634 1219 770 1243 divinitatis
786 1218 864 1243 titulis
880 1219 971 1242 frustra
989 1222 1103 1242 ornatum

119 1254 232 1282 flevisse,
251 1260 338 1277 verum
356 1254 386 1277 ob
403 1253 548 1277 memoriam
564 1253 684 1284 pristinae
706 1252 845 1277 sodalitatis
864 1252 980 1277 lacrimas
1000 1259 1048 1276 uon
1068 1256 1104 1275 te-

118 1287 211 1316 nuisse,
232 1287 270 1311 vir
286 1285 356 1310 fortis
373 1291 396 1310 et
414 1287 444 1310 de
460 1294 519 1318 rege
535 1288 598 1311 bene
614 1287 716 1310 meritus
732 1287 833 1318 pietatis
849 1286 874 1310 in
891 1287 998 1310 amicum
1014 1293 1103 1317 graves

118 1328 212 1353 poenas
230 1321 331 1344 innoxio
351 1321 432 1352 capite
450 1321 619 1352 pependisset.

186 1355 299 1378 Ceterum
316 1359 342 1378 ut
361 1354 489 1386 paulisper
507 1362 521 1378 a
542 1354 607 1378 luctu
626 1359 741 1378 avocaret
758 1356 877 1385 animum⁷
895 1355 920 1379 iu
938 1354 1103 1379 Cossaeorum

118 1394 216 1421 gentem
236 1389 419 1420 expeditionem
439 1390 560 1420 suscepit.
596 1389 657 1420 Iuga
676 1389 773 1412 Mediae
792 1389 873 1413 vicina
892 1388 994 1413 Cossaei
1010 1392 1102 1420 tenent,

118 1430 234 1455 asperum
255 1427 279 1446 et
304 1430 359 1446 acre
384 1430 463 1454 genus
488 1427 511 1446 et
531 1423 675 1454 praedando
694 1423 771 1446 vitam
790 1423 895 1447 tolerare
915 1423 1026 1447 solitum.
1063 1423 1103 1446 Ab

118 1457 156 1481 his
174 1458 305 1480 Persarum
324 1463 396 1488 reges
413 1464 495 1480 annuo
513 1457 603 1480 tributo
623 1464 707 1488 pacem
726 1457 847 1481 redimere
863 1460 1052 1486 consueverant,
1071 1464 1103 1480 ne

117 1492 140 1515 iu
161 1491 272 1515 subiecta
289 1490 446 1514 decurrentes
466 1491 580 1514 infestam
599 1490 733 1514 latrociniis
752 1492 881 1522 regionem
900 1491 1019 1517 facerent.
1039 1490 1101 1514 Nam

116 1526 166 1549 vim
183 1528 306 1549 tentantes
323 1525 411 1548 Persas
429 1524 503 1548 facile
522 1525 694 1556 reppulerant,
712 1525 848 1556 asperitate
866 1525 977 1549 locorum
996 1525 1101 1553 defensi,

116 1560 139 1582 in
159 1566 223 1589 quae
242 1566 268 1582 se
285 1559 446 1590 recipiebant,
463 1559 577 1589 quotiens
596 1559 672 1582 armis
692 1559 881 1590 superabantur.
917 1560 995 1583 Iidem
1014 1566 1100 1582 mune-

116 1593 183 1617 ribus
200 1593 331 1623 quotannis
351 1593 527 1624 placabantur,
552 1597 578 1616 ut
594 1595 647 1624 regi
667 1593 812 1621 Ecbatanis,
830 1594 873 1617 ubi
892 1594 987 1617 aestiva
1005 1593 1101 1616 solebat

115 1634 198 1658 agere,
220 1626 369 1658 Babylonem
387 1627 529 1658 remigranti
550 1630 615 1650 tutus
631 1634 675 1658 per
691 1634 719 1650 ea
736 1626 791 1651 loca
809 1628 929 1651 transitus
949 1631 1024 1652 esset.
1049 1627 1100 1650 Hos

115 1661 190 1693 igitur
210 1660 350 1684 Alexander
366 1661 481 1692 bipartito
499 1661 598 1692 agmine
625 1668 760 1692 aggressus
779 1661 844 1685 intra
860 1661 1025 1692 quadraginta
1045 1661 1100 1684 dies

115 1695 265 1726 perdomuit.
304 1695 365 1718 Nam
385 1695 415 1718 ab
435 1695 489 1726 ipso
507 1702 565 1726 rege
586 1699 609 1718 et
628 1694 779 1726 Ptolemaeo,
800 1696 841 1726 qui
856 1700 952 1726 partem
973 1695 1099 1719 exercitus
