1215 1905
170 75 242 104 LlB.
258 75 336 104 Vlll.
359 75 440 104 CAP.
458 75 507 110 lv,
528 75 696 105 16-CAP.
710 75 748 111 V,
764 79 789 107 7.
813 85 879 112 (vni,
889 85 970 107 15-17,
980 85 1017 112 z.]
1050 74 1110 106 187

75 155 109 182 28
119 158 208 188 quem
231 150 363 181 divisum
385 150 486 188 gladio
509 155 637 188 uterque
659 151 780 181 libabat.
825 152 937 186 Credo,
961 159 1033 186 eos,
1057 150 1109 188 qui

117 193 216 230 gentis
233 201 335 223 mores
351 193 567 227 condiderunt,
594 201 686 230 parco
709 197 738 223 et
758 193 886 230 parabili
908 193 991 223 victu
1006 197 1108 223 osten-

118 234 190 263 dere
211 235 350 264 voluisse
376 234 570 271 iungentibus
593 242 685 271 opes,
713 237 858 271 quantulo
881 234 1015 265 contenti
1037 243 1108 264 esse

75 280 108 306 29
117 276 272 306 deberent.
314 277 381 306 Hoc
402 276 494 305 modo
517 284 570 305 rex
587 276 680 305 Asiae
696 281 726 306 et
740 277 883 314 Europae
905 277 1107 307 introductam

117 317 194 347 inter
209 318 387 347 convivales
402 318 492 347 ludos
508 317 698 347 matrimonio
716 318 774 348 sibi
789 319 936 355 adiunxit,
953 327 971 348 e
986 318 1109 354 captiva

72 358 288 396 aageniturus,
304 360 354 396 qui
371 359 536 389 victoribus
551 359 724 396 imperaret.
758 360 895 390 Pudebat
909 360 1040 396 amicos,
1056 369 1105 389 su-

116 408 172 437 per
194 401 295 430 vinum
317 405 347 430 et
369 402 477 438 epulas
500 409 642 431 socerum
664 409 704 431 ex
724 402 835 432 deditis
852 410 924 432 csse
939 403 1106 432 delectum:

116 442 172 472 sed
188 447 260 479 post
276 442 341 472 Cliti
357 444 482 472 caedem
498 443 635 472 libertate
653 443 780 479 sublata,
799 445 891 480 vultu,
908 444 959 481 qui
976 444 1107 473 maxime

115 484 218 520 servit,
233 484 486 514 assentiebantur.

517 551 611 580 CAP.
631 552 669 579 V.

89 617 99 641 l
195 611 263 649 (17)
286 612 423 641 Ceterum
439 611 553 641 Indiam
569 617 598 641 et
617 613 687 641 inde
703 611 855 642 Oceanum
880 611 1044 648 petiturus,
1067 621 1104 641 ne

115 653 188 690 qiiid
204 662 222 683 a
238 658 338 690 tergo,
356 654 439 690 quod
456 654 606 683 destinata
623 654 771 690 impedire
783 659 904 691 posset,
923 658 1103 688 moveretur,

113 703 151 724 ex
168 696 309 726 omnibus
326 695 492 732 provinciis
514 696 594 725 XXX
615 695 696 724 milia
718 695 869 725 iuniorum
890 695 949 732 legi
971 695 1060 725 iussit
1076 699 1106 725 et

113 738 151 766 ad
168 746 202 767 se
217 741 332 767 armata
347 737 484 774 perduci,
500 737 625 767 obsides
648 737 737 767 simul
759 737 916 767 habiturus
939 742 970 767 et
983 736 1103 766 milites.

83 783 100 808 2
113 778 268 808 Cratistum
284 783 383 808 autem
399 780 437 807 ad
453 780 689 816 persequendos
705 779 890 809 Haustanen]
907 783 937 809 et
951 778 1103 814 Catenem,

113 820 164 857 qui
181 821 219 850 ab
235 820 304 857 ipso
320 821 508 854 defecerant,
531 820 626 850 misit:
650 830 779 857 quorum
797 821 970 850 Haustanes
993 825 1101 857 captus

111 867 174 897 est,
198 862 327 892 Catenes
342 861 371 891 in
389 862 506 898 proelio
524 862 656 892 occisus.
699 862 891 900 Polypercon
916 871 1040 899 quoque
1056 870 1101 891 re-

110 903 248 940 gionem,
274 912 354 941 quae
375 904 536 933 Bubacene
559 905 742 941 appellatur,
769 905 798 933 in
815 904 959 934 ditionem
974 903 1100 940 redegit.

83 946 233 982 altaque,
257 945 398 975 omnibus
414 946 610 982 compositis,
631 946 832 983 cogitationes
849 947 878 976 in
894 946 1006 975 bellum
1022 946 1100 975 Indi-

111 995 180 1017 cum
202 988 298 1017 vertit.
342 987 434 1017 Dives
455 987 540 1024 regio
563 988 730 1018 habebatur
745 997 804 1018 non
822 996 896 1018 auro
914 989 1020 1023 modo,
1043 988 1098 1017 sed

111 1029 238 1066 gemmis
256 1037 380 1066 quoque
395 1029 642 1066 margaritisque,
668 1031 707 1059 ad
723 1031 826 1060 luxum
842 1031 939 1067 magis
955 1037 1046 1066 quarn
1061 1030 1101 1058 ad

82 1075 99 1100 4
111 1070 366 1108 magnificentiam
382 1073 512 1101 exculta.
534 1072 624 1101 Periti
639 1072 783 1102 militares
799 1081 873 1102 auro
891 1076 920 1101 et
935 1072 1028 1101 ebore
1044 1071 1100 1100 sul-

109 1121 182 1150 gere
201 1112 357 1143 dicebant:
384 1113 502 1150 itaque,
528 1113 638 1143 necubi
660 1114 845 1149 vinceretur,
873 1122 965 1150 quum
990 1112 1099 1143 ceteris

111 1159 297 1192 praestaret,
313 1155 408 1185 scutis
424 1160 585 1192 argenteas
601 1156 745 1191 laminas,
764 1156 851 1193 equis
869 1156 971 1185 frenos
987 1162 1099 1184 aureos

110 1196 240 1231 addidit,
262 1197 373 1227 loricas
390 1206 516 1234 quoque
531 1197 607 1227 alias
623 1206 713 1232 auro⁷
736 1197 811 1227 alias
828 1202 953 1235 argento
969 1197 1099 1226 adorna·

109 1238 161 1268 vit.
178 1238 254 1268 CXX
265 1239 347 1269 milia
363 1244 546 1269 armatorum
562 1244 656 1275 erant,
675 1247 753 1276 quae
767 1248 870 1276 regem
886 1240 926 1268 ad
941 1239 971 1268 id
986 1239 1097 1268 bellum

80 1284 97 1309 5
109 1281 326 1317 sequebantur.
366 1282 492 1319 Iamque
518 1282 658 1311 omnibus
685 1282 889 1318 praeparatis,
918 1281 1001 1318 quod
1028 1280 1098 1310 olim

110 1330 206 1358 prava
222 1327 324 1352 mente
340 1328 534 1361 conceperat,
553 1328 622 1353 tunc
638 1332 708 1353 esse
725 1328 873 1353 maturum
889 1323 1006 1362 [ratus]‚
1023 1330 1098 1358 quo-

110 1372 178 1393 nam
200 1365 291 1394 modo
314 1366 466 1394 coelestes
488 1365 622 1394 honores
649 1370 824 1402 usurparet,
851 1365 953 1402 coepit
974 1364 1097 1400 agitare.

110 1405 192 1435 lovis
207 1406 301 1435 filium
317 1415 377 1436 non
395 1406 454 1435 dici
472 1411 584 1436 tantum
600 1415 650 1443 se,
672 1408 728 1436 sed
750 1407 840 1436 etiam
862 1406 945 1436 credi
966 1406 1098 1441 volebat,

81 1450 97 1476 6
110 1451 252 1483 tanquam
276 1447 403 1484 perinde
419 1447 527 1478 animis
543 1447 693 1485 imperare
710 1453 817 1485 posset
838 1456 874 1477 ac
897 1447 1024 1484 linguis,
1044 1447 1098 1476 ita-

111 1496 172 1525 que
188 1497 273 1518 more
287 1489 447 1519 Persarum
463 1490 648 1519 Macedonas
669 1490 905 1519 venerabundos
927 1489 1027 1526 ipsum
1049 1497 1098 1518 sa-

108 1531 209 1559 lutare
221 1535 451 1567 prosternentes
466 1531 548 1560 humi
561 1539 701 1568 corpora.
736 1532 802 1561 Non
819 1532 924 1561 deerat
938 1531 1009 1561 talia
1024 1538 1096 1560 con-

109 1571 280 1608 cupiscenti
298 1572 470 1609 perniciosa
485 1572 633 1607 adulatio,
657 1577 838 1610 perpetuum
854 1573 966 1602 malum
980 1580 1096 1609 regum,

80 1617 96 1645 7
109 1621 238 1650 quorum
255 1622 332 1651 opes
348 1614 472 1652 saepius
487 1615 654 1644 assentatio
671 1623 760 1652 quam
776 1615 873 1645 hostis
889 1613 1005 1644 evertit.
1034 1615 1096 1643 Nec

107 1654 310 1685 Macedonum
325 1656 401 1685 haec
416 1659 481 1685 erat
496 1657 602 1693 culpa,
617 1673 658 1678 —
674 1665 764 1686 nemo
780 1656 859 1686 enim
875 1656 994 1686 illorum
1011 1655 1095 1693 quic-

109 1705 200 1734 quam
217 1705 255 1726 ex
271 1697 369 1735 patrio
386 1706 470 1728 more
486 1698 588 1727 labare
606 1698 756 1734 sustinuit,
770 1715 813 1721 —
828 1699 884 1728 sed
899 1698 1095 1734 Graecorum,
