1215 1905
236 100 306 130 LIB.
323 100 388 128 VlI.
413 99 494 128 CAP.
512 99 532 135 l,
550 103 650 129 1—16.
668 108 725 135 (vn,
746 109 765 130 ι.
785 109 806 130 2.
827 108 865 135 z.]
1003 98 1062 129 141

43 182 60 210 7
72 176 118 214 gis
135 183 225 213 quam
242 173 359 204 crimini
375 174 473 203 fuerat
488 177 660 210 exemptus.
696 174 780 203 Tunc
796 182 921 211 quoque
936 173 1062 211 Antipa-

74 218 125 254 tri,
151 216 251 247 soceri
277 215 359 251 eius,
385 223 495 253 preces
522 215 632 244 iustam
658 215 740 252 regis
763 215 838 245 iram
858 216 1063 246 morabantur.

73 260 211 290 Ceterum
232 257 386 288 recruduit
407 261 572 294 soporatus
594 257 697 286 dolor:
724 256 841 295 quippe
856 257 969 287 veteris
984 257 1063 295 peri-

44 307 62 333 8
74 301 134 331 culi
150 300 324 330 memoriam
340 298 511 337 praesentis
528 307 602 328 cura
616 299 793 329 renovabat.
822 299 916 336 Igitur
930 300 1064 329 Alexan-

75 344 129 374 der
154 351 193 372 ex
208 341 348 372 custodia
373 340 513 370 educitur
539 340 707 378 iussusque
733 340 852 377 dicere,
878 349 1064 378 quamquam

75 389 138 415 toto
154 383 282 414 triennio
297 382 461 412 meditatus
478 387 542 412 erat
556 382 778 419 defensionem,
794 387 893 412 tamen
907 383 1064 412 haesitans

76 431 106 456 et
120 425 256 464 trepidus
273 433 373 462 pauca
387 432 427 454 ex
442 424 506 460 his,
524 432 603 461 quae
619 429 850 462 composuerat,
868 425 1007 462 protulit:
1025 425 1065 453 ad

76 468 211 498 ultimum
225 475 286 497 non
302 466 446 496 memoria
469 467 583 502 solum,
607 467 662 495 sed
678 466 768 496 etiam
783 475 870 496 mens
886 475 956 496 eum
971 466 1064 496 desti-

46 515 63 542 9
75 510 139 540 tuit.
167 509 246 539 Nulli
261 513 325 539 erat
339 508 478 543 dubium,
497 508 569 545 quin
586 507 747 545 trepidatio
764 508 972 538 conscientiae
988 507 1065 537 indi-

77 551 156 582 cium
179 555 275 586 esset,
304 559 364 580 non
386 549 550 580 memoriae
571 550 685 579 vitium.
726 550 833 587 Itaque
858 558 895 579 ex
922 550 984 584 his,
1014 549 1066 587 qui

78 592 208 631 proximi
231 591 402 628 astiterant,
431 592 634 621 obluctantem
659 592 759 621 adhuc
781 591 927 622 oblivioni
948 591 1064 621 lanceis

77 635 288 665 confoderunt.

39 683 70 708 to
154 676 200 713 (Ξ)
223 676 314 706 Cuius
331 683 461 713 corpore
482 676 582 705 ablato
604 683 659 705 rex
680 674 832 705 introduci
847 675 936 705 iussit
950 676 1065 713 Amyn-

79 723 138 748 tam
160 723 189 748 et
213 717 382 747 Simmiam:
409 726 478 746 nam
499 717 658 751 Polemon,
685 717 826 746 minimus
853 725 891 746 ex
914 717 1067 753 fratribus,

39 765 67 791 11
78 769 170 797 quum
185 759 329 789 Philotam
342 759 476 796 torqueri
492 758 702 796 comperisset,
719 759 904 795 profugerat.
929 758 1067 788 Omnium

78 802 210 831 Philotae
226 801 391 830 amicorum
412 800 442 829 hi
459 800 608 830 carissimi
632 801 764 836 fuerant,
786 801 825 829 ad
847 808 957 837 magna
972 804 1001 830 et
1012 800 1066 830 ho-

79 848 185 873 norata
210 842 376 871 ministeria
401 842 481 871 illius
507 842 638 871 maxime
665 841 884 879 suffragatione
908 842 1066 879 productiz

78 883 315 920 memineratque
336 891 405 918 rex,
430 892 549 913 summo
572 883 672 913 studio
694 884 733 912 ab
748 891 785 914 eo
803 884 982 914 conciliatos
999 882 1066 919 sibi,

79 934 134 956 nec
151 925 320 959 dubitabat,
338 925 427 955 huius
445 933 568 963 quoque
584 924 679 954 ultimi
695 925 815 955 consilii
832 925 928 955 fuisse
946 925 1066 963 partici-

39 973 69 999 12
78 977 148 1006 pes:
171 967 260 1004 igitur
282 967 352 997 olim
375 967 433 996 sibi
455 975 526 997 esse
547 972 712 1004 suspectos
733 967 837 997 matris
859 975 934 997 suae
950 966 1067 1003 litteris,

80 1009 191 1047 quibus
207 1013 289 1038 esset
303 1009 491 1045 admonitus,
513 1014 546 1038 ut
560 1009 597 1038 ab
613 1009 659 1038 his
676 1010 804 1038 salutem
821 1017 907 1039 suam
923 1013 1065 1039 tueretur.

80 1052 217 1081 Ceterum
234 1059 268 1080 se
283 1050 409 1080 invitum
425 1050 577 1080 deteriora
592 1051 781 1087 credentem,
804 1058 885 1080 nunc
897 1051 1065 1080 manifestis

41 1092 198 1124 tsindieiis
214 1092 336 1128 victum,
352 1093 481 1122 iussisse
497 1091 613 1121 vinciri.
636 1092 710 1121 Nam
726 1092 824 1129 pridie
838 1101 928 1129 quam
945 1093 1066 1129 detege—

80 1139 161 1165 retur
176 1134 308 1163 Philotae
324 1135 442 1169 scelus,
464 1134 536 1171 quin
552 1139 671 1164 secreto
695 1143 764 1164 cum
785 1143 822 1164 eo
840 1135 984 1171 fuissent,
1006 1143 1067 1164 non

80 1184 174 1213 posse
197 1175 334 1205 dubitari.
377 1176 510 1206 Fratrem
531 1184 622 1211 vero,
645 1175 696 1213 qui
712 1176 896 1213 profugerit,
920 1185 1013 1213 quum
1029 1176 1067 1205 de

39 1224 70 1249 14
78 1218 191 1248 Philota
207 1223 412 1255 quaereretur,
427 1217 589 1255 aperuisse
606 1218 695 1254 fugae
709 1226 842 1248 causam.
866 1219 968 1255 Nuper
979 1226 1066 1255 prae-

80 1264 124 1290 ter
145 1260 396 1289 consuetudinem
419 1259 513 1289 officii
532 1260 653 1296 specie,
678 1260 787 1290 amotis
810 1259 930 1296 longius
949 1259 1065 1295 ceteris,

79 1302 254 1331 admovisse
275 1301 459 1338 semetipsos
482 1301 567 1331 lateri
589 1309 660 1337 suo,
688 1303 770 1331 nulla
792 1301 942 1339 probabili
958 1310 1051 1331 causa

80 1351 176 1380 seque
190 1342 363 1378 mirantem,
387 1343 471 1380 quod
486 1351 546 1372 non
564 1343 631 1372 vice
647 1352 704 1373 sua
719 1343 770 1373 tali
788 1345 985 1381 fungerentur
1001 1344 1066 1373 offi-

81 1385 144 1420 cio,
159 1389 189 1414 et
200 1384 268 1422 ipsa
283 1385 485 1422 trepidatione
501 1393 605 1414 eorum
621 1385 813 1422 perterritum
827 1390 951 1415 strenue
967 1385 1005 1414 ad
1021 1393 1067 1413 ar-

41 1426 226 1463 15migeros,
243 1426 294 1463 qui
310 1427 449 1464 proxime
465 1427 686 1463 sequebantur,
702 1427 883 1457 recessisse.
927 1427 977 1456 Ad
992 1427 1068 1455 haec

80 1468 237 1503 accedere,
254 1469 346 1504 quod,
361 1477 452 1505 quum
460 1468 662 1505 Antiphanes
678 1469 780 1498 scriba
791 1469 936 1505 equitum,
953 1469 1068 1506 Amyn-

81 1514 129 1539 tae
150 1509 361 1539 denuntiasset
381 1509 479 1546 pridie
500 1519 592 1547 quam
611 1509 745 1540 Philotae
768 1511 870 1540 scelus
897 1510 1067 1547 deprehen-

81 1559 148 1580 sum
170 1555 267 1585 esset,
295 1555 329 1580 ut
349 1559 388 1580 ex
410 1551 475 1580 suis
496 1551 585 1588 equis
607 1560 692 1581 more
708 1553 798 1582 solito
820 1552 906 1581 daret
926 1551 988 1588 his,
1016 1551 1068 1588 qui

80 1592 255 1622 amisissent
276 1601 366 1628 suos,
394 1593 526 1630 superbe
547 1593 765 1630 respondisse,
790 1593 849 1623 nisi
870 1593 993 1630 incepto
1015 1594 1067 1623 de-

42 1634 214 1669 lesisteret,
241 1634 326 1663 brevi
348 1634 510 1671 sciturum,
537 1634 606 1672 quis
627 1635 697 1672 ipse
723 1640 814 1665 esset.
859 1636 920 1664 lam
947 1635 1067 1672 liuguae

80 1674 253 1705 violentiam
269 1676 528 1714 temeritatemque
543 1677 715 1712 verborum,
733 1685 810 1714 quae
823 1677 852 1706 in
868 1677 1067 1713 semetipsum

81 1717 291 1753 iacularentur,
307 1717 379 1746 nihil
395 1718 478 1747 aliud
494 1726 572 1754 esse,
591 1727 682 1756 quam
695 1719 818 1748 scelesti
831 1718 921 1748 animi
937 1717 1067 1748 indicem
