1215 1895
111 90 149 121 16
452 91 484 127 Q.
509 92 664 121 CURTII
684 92 790 122 RUFI

110 175 228 203 agmen,
246 167 323 196 sicut
339 167 449 195 dictum
469 170 523 202 est,
539 167 717 196 instructum
733 176 788 196 sex
804 168 884 197 milia
899 168 1094 199 iaculatorum

111 209 359 244 funditorumque
381 208 607 238 antecedebant.
645 209 791 245 Quicquid
818 209 846 237 in
868 209 925 238 illis
942 211 1088 246 angustiis
1119 215 1136 241 6

111 249 184 277 adiri
203 253 327 285 poterat,
344 249 542 286 impleverant
557 250 673 286 copiae,
687 258 861 287 cornuaque
876 250 945 279 hinc
960 252 997 280 ab
1013 252 1092 289 iugo,

111 291 190 318 illinc
212 299 229 318 a
246 290 319 319 mari
340 291 472 320 stabant:
495 299 621 320 uxorem
646 295 832 328 matremque
852 292 934 327 regis
955 296 984 321 et
1005 294 1094 322 alium

111 331 287 360 seminarum
302 340 424 368 gregem
440 333 469 360 in
486 333 617 361 medium
633 341 738 369 agmen
756 336 948 369 acceperant.

193 372 260 408 (24)
283 374 458 403 Alexander
474 374 668 410 phalangem,
692 383 752 411 qua
767 375 835 403 nihil
852 375 935 410 apud
948 375 1088 404 Maced6-
1119 381 1133 408 7

113 423 168 443 nas
186 415 313 443 validius
330 419 402 450 erat,
421 416 449 443 in
467 416 564 444 fronte
579 416 742 444 constituit.
776 416 918 445 Dextrum
935 424 1031 446 cornu
1045 417 1092 445 Ni-

112 458 212 490 canor,
229 456 432 485 Parmeni6111s
449 457 544 492 silius,
561 457 714 486 tuebatur:
743 457 812 486 huic
829 458 957 493 proximi
973 458 1093 487 stabant

112 498 231 526 Coenos
253 502 282 527 et
296 498 456 526 Perdiccas
476 502 504 526 et
520 498 671 535 Meleager
686 503 716 527 et
729 499 919 528 Ptolomaeus
935 502 964 528 et
978 500 1090 536 Amyn>

110 543 170 573 tas,
195 540 240 568 sui
258 540 388 576 quisquc
404 540 531 576 agminiS
548 541 651 569 duces.
685 541 715 569 ln
732 542 833 575 laevo,
857 541 939 577 quod
955 541 994 569 ad
1009 548 1091 569 mare
1117 543 1135 569 8

111 581 292 617 pertinebat,
315 581 455 610 Craterus
472 585 501 610 et
515 582 672 611 Parmenio
688 586 780 617 erant,
797 582 852 611 sed
868 582 1007 611 Craterus
1021 582 1092 611 Par-

109 622 237 651 menibni
262 630 368 658 parere
390 623 501 652 iussus.
539 623 664 659 Equites
679 624 716 652 ab
731 627 862 659 utroque
878 631 973 652 cornu
988 624 1091 653 locati:

109 664 247 692 dextrum
260 664 451 699 Maccd6nes‚
467 664 622 693 Thessalis
638 665 796 699 adiunctis,
813 666 930 694 laevum
943 665 1092 701 Pelopon-

109 706 184 734 nesii
212 706 378 734 tuebantur.
414 707 493 734 Ante
519 705 596 734 hane
623 707 717 735 aciem
744 710 889 742 posuerat
909 707 1091 736 funditorum
1118 713 1134 740 9

108 755 237 782 inanum,
254 747 415 783 sagittariis
433 747 582 776 admixtis.
602 747 733 776 Thraces
750 756 873 784 quoque
889 751 917 776 et
933 748 1091 777 Cretenses

111 792 178 817 ante
193 796 299 824 agmen
316 789 406 819 ibant,
425 793 454 817 et
468 789 526 825 ipsi
543 789 647 817 leviter
662 790 775 818 armati.
811 791 851 817 At
866 789 921 824 his,
939 790 989 825 qui
1005 797 1090 826 prae·
1103 796 1134 821 10

110 830 227 858 missia
242 830 339 859 Dareo
362 831 464 866 iugum
486 831 595 859 montis
618 830 805 865 insederant,
830 831 979 866 Agrianos
996 839 1091 867 oppo-

109 871 175 905 suit,
192 879 229 899 ex
247 872 373 900 Graecia
389 880 485 908 nuper
501 872 657 901 advectos.
688 872 874 901 Parmenioni
890 876 989 901 autem
1005 880 1091 909 prae-

108 917 244 949 ceperat,
267 917 312 947 ut,
330 918 473 950 quantum
491 917 611 950 posset,
635 921 740 949 agmen
757 914 794 941 ad
811 922 892 942 mare
908 915 1091 947 extenderet,

109 963 169 990 quo
192 955 312 991 longius
334 955 457 984 abesset
477 955 559 984 acics
581 955 747 989 montibus,
772 963 850 991 quos
869 959 1094 992 occupaverant

108 996 236 1025 barbari.
266 997 305 1024 At
327 996 366 1025 illi
389 1005 488 1033 neque
511 997 632 1025 obstare
651 997 840 1025 venientibus
865 1005 920 1025 nec
943 997 1132 1026 circumirell

107 1041 353 1074 praetergressos
381 1039 461 1073 ausi,
491 1038 672 1066 funditorum
693 1039 822 1067 maxime
843 1042 968 1074 aspectu
990 1038 1091 1073 territi,

107 1080 319 1115 profugerant:
349 1087 447 1116 eaque
469 1087 518 1108 res
540 1080 714 1108 Alexandro
737 1084 830 1109 tutum
853 1080 980 1115 agminis
1004 1080 1091 1115 latus,

107 1121 190 1157 quod
207 1129 244 1149 ne
257 1129 391 1157 superne
403 1122 607 1150 incesseretur
620 1121 764 1154 timuerat,
787 1121 940 1158 praestitit.
962 1121 1131 1157 Triginta12

106 1166 135 1190 et
151 1162 210 1191 duo
236 1166 418 1192 armatorum
441 1163 563 1192 ordines
586 1163 681 1191 ibant:
712 1170 810 1198 neque
832 1170 909 1191 enim
931 1163 1017 1191 latius
1038 1170 1090 1191 ex—

107 1203 186 1232 tendi
204 1204 299 1232 aciem
315 1205 506 1240 patiebantur
518 1204 685 1240 angustiae.
708 1204 852 1232 Paulatim
866 1204 975 1232 deinde
988 1205 1090 1232 laxare

105 1253 140 1273 se
156 1245 241 1274 sinus
264 1246 407 1275 montium
423 1250 452 1274 et
474 1246 569 1274 maius
585 1245 714 1281 spatium
731 1245 848 1281 aperire
864 1248 1035 1280 coeperant,
1052 1245 1091 1274 ita

106 1291 139 1315 nt
154 1295 212 1315 non
228 1287 323 1323 pedes
337 1288 435 1317 solum
449 1287 585 1323 pluribus
600 1286 755 1315 ordinibus
768 1287 917 1320 incedere,
935 1286 988 1315 sed
1002 1286 1088 1315 etiam

107 1328 251 1357 lateribus
268 1329 465 1358 circumfundi
482 1332 589 1365 posset
605 1328 763 1364 equitatus.

523 1395 616 1424 CAP.
638 1396 674 1424 X.

187 1452 254 1488 (25)
274 1455 334 1482 lam
352 1454 380 1482 in
398 1459 580 1490 conspectu,
602 1454 656 1482 sed
673 1456 758 1482 extra
773 1452 820 1481 teli
837 1452 943 1481 iactum
961 1457 1086 1489 utraque
1117 1462 1127 1482 s

106 1495 187 1523 acies
214 1499 291 1530 erat,
321 1504 413 1532 quum
442 1496 557 1532 priores
583 1495 694 1524 Persae
719 1494 902 1523 inconditum
925 1497 955 1522 et
975 1498 1088 1522 trucem

105 1538 255 1565 sustulere
279 1538 450 1566 clamorem.
483 1537 629 1566 Redditur
650 1540 680 1565 et
699 1544 717 1564 a
736 1535 970 1570 Macedonibus,
992 1534 1087 1563 maior
1113 1540 1130 1565 2

105 1577 256 1606 exercitus
273 1586 408 1614 numero,
425 1579 501 1615 iugis
518 1579 661 1607 montium
677 1577 833 1613 vastisque
845 1577 971 1606 saltibus
984 1583 1086 1612 reper-

105 1627 230 1648 cussus:
266 1620 380 1656 quippe
408 1628 529 1656 semper
554 1619 743 1649 circumiecta
768 1626 891 1647 nemora
913 1622 1086 1654 petraeque,

105 1665 368 1697 quantamcunque
390 1669 539 1698 accepere
558 1669 680 1696 vocem,
696 1660 889 1696 multiplicato
911 1667 988 1688 sono
1010 1659 1086 1687 rese-

104 1706 182 1731 runt.
215 1702 390 1731 Alexander
410 1706 477 1732 ante
501 1703 596 1740 prima
613 1703 699 1739 signa
720 1702 794 1732 ibat,
817 1701 978 1730 identidem
997 1709 1083 1729 manu
1112 1703 1128 1728 3
