1215 1905
119 90 180 122 254
457 96 492 129 Ω.
514 92 669 122 cun-111
689 92 798 122 RuFI

119 166 257 190 constantia
274 167 415 198 supplicum
433 168 554 198 processit
573 168 732 197 incusataque
756 167 842 191 leniter
864 168 988 192 exercitus
1007 167 1094 191 immo-

120 199 212 231 destia,
234 207 282 223 non
300 201 353 224 sine
371 201 455 224 multis
470 201 592 231 utrimque
612 201 732 228 lacrimis,
752 201 777 224 in
796 201 901 232 gratiam
918 208 944 224 se
960 208 1016 225 crim
1032 201 1095 233 ipsis

119 233 200 256 redire
217 233 345 263 professus
364 238 409 258 est.
445 234 525 266 Digna
549 239 632 258 tumen
656 242 695 258 res
718 235 773 258 visa
797 238 847 263 est,
872 240 936 265 qnae
959 234 1094 259 maioribus

119 266 206 290 hostiis
224 267 373 298 expiaretur.
408 269 493 298 Itaque
512 268 632 292 sacrificio
650 268 779 300 magnifice
797 272 954 300 perpetrato,
980 268 1094 292 Macedo-

119 307 178 323 num
195 300 268 324 simul
285 300 464 332 Persarumque
481 303 603 334 primores
626 303 737 326 invitavit
754 301 787 325 ad
805 302 900 333 epulas.
937 301 1031 326 Novem
1048 301 1095 326 mi-

119 332 153 357 lia
171 341 199 357 eo
218 334 331 358 convivio
350 336 479 367 excepisse
497 336 622 367 proditum
640 340 677 360 est
692 335 824 360 memoriae
839 343 931 366 eosque
947 343 1041 367 omnes,
1058 335 1095 359 in-

119 367 211 390 vitante
230 375 297 399 rege,
317 376 348 392 ex
367 370 454 393 eodem
467 374 560 393 cratere
574 370 702 397 libavisse,
718 369 817 394 Graecis
828 370 988 400 barbarisque
997 369 1096 394 vatibus

118 404 171 424 tum
188 400 238 425 alia
256 402 338 426 fausta
356 407 413 426 vota
430 405 620 434 praeeuntibus,
646 408 697 427 tum
718 403 857 435 imprimis,
875 408 901 427 ut
920 411 950 428 ea
966 404 1096 434 utriusque

120 435 218 465 imperii
235 435 259 459 in
279 436 344 459 idem
363 444 454 468 corpus
478 437 568 461 coalita
590 438 696 461 societas
719 442 839 470 perpetua
863 438 935 462 soret.
974 438 1095 461 Maturata

120 468 209 492 deinde
227 474 264 492 est
281 470 376 499 missio,
395 475 419 494 et
436 471 618 495 infirmissimus
636 472 740 502 quisque
758 472 921 496 exauctorati.
952 472 1095 495 Amicorum

119 509 218 532 quoque
248 504 373 527 seniorum
396 505 545 535 quibusdam
571 510 733 529 commeatum
758 505 838 529 dedit:
874 513 906 529 ex
928 504 984 535 quis
1009 504 1094 533 Clitus,

119 541 281 566 cognomento
305 537 397 566 Albus,
423 537 575 570 Gorgiasque
601 543 625 562 et
647 539 794 571 Polydamas
819 544 843 562 et
860 539 997 570 Antigenes
1015 538 1094 562 fuere.

118 569 274 593 Abeuntibus
293 577 341 594 non
360 572 433 595 modo
452 573 578 602 praeteriti
601 574 720 604 temporis
744 573 867 604 stipendia
890 580 945 596 cum
968 572 1016 596 fide
1037 579 1094 603 per-

118 602 199 631 solvit,
218 611 303 628 verum
322 605 396 628 etiam
414 605 532 629 talentum
550 606 639 630 adiecit
657 607 682 630 in
701 607 813 638 singulos
831 606 931 637 milites,
951 606 1034 630 viatici
1049 613 1094 629 no-

117 637 193 660 mine.
212 637 288 661 Filios
301 645 332 662 ex
345 639 461 662 Asiaticis
479 640 598 663 uxoribus
616 644 744 671 susceptos
763 639 810 670 (ad
827 640 912 664 decem
930 640 998 664 milia
1016 639 1095 663 fuisse

118 670 262 702 traduntur)
280 672 346 702 apud
366 679 392 696 se
409 672 515 702 relinqui
532 673 613 704 iussit,
630 681 661 697 ne
680 674 704 697 in
723 674 894 698 Macedoniam
912 681 968 697 cum
985 673 1094 705 parenti-

118 704 164 727 bus
182 706 331 736 transgressi
350 710 373 729 et
390 707 536 738 coniugibus
555 706 687 737 liberisque
704 708 829 738 prioribus
851 707 966 739 permixti
985 707 1094 731 familias

117 738 271 769 singulorum
290 740 485 763 contentionibus
505 744 529 764 et
556 741 686 764 discordiis
709 741 855 773 implerent,
882 741 929 765 sibi
949 748 1023 765 curae
1041 741 1094 765 sore

117 771 256 802 pollicitus,
281 776 308 795 ut
331 773 411 804 patrio
437 781 505 797 more
527 774 632 798 instituti
651 774 752 798 militiae
771 780 835 799 artes
854 775 1021 798 edocerentur.
1057 775 1093 798 Ita

117 812 192 836 supra
209 805 294 830 decem
313 810 484 831 veteranorum
501 807 571 832 milia
589 808 693 832 dimissa
713 812 783 836 sunt,
808 809 957 838 additusque
979 812 1016 831 est
1035 807 1092 831 Cra-

117 843 199 865 terus,
215 840 257 869 qui
275 847 318 864 eos
338 840 482 866 deduceret,
501 849 532 865 ex
550 842 690 872 praecipuis
708 843 775 873 regis
793 843 886 866 amicis.
925 841 969 865 Cui
993 842 1014 864 si
1032 841 1092 871 quid

116 872 259 896 humanitus
277 874 420 903 accidisset,
438 874 610 906 Polyperconti
625 882 711 906 parere
730 875 791 899 iussi
808 879 872 899 sunt.
899 875 999 898 Litteris
1018 875 1092 898 etiam

117 906 148 929 ad
167 906 324 937 Antipatrum
341 908 440 939 scriptis
458 908 576 932 honorem
595 909 702 932 emeritis
720 908 805 932 haberi
822 909 960 940 praecepit,
978 911 1012 937 ut,
1031 916 1092 938 quo-

115 940 179 962 tiens
200 939 253 963 ludi
270 944 344 971 atque
364 942 498 966 certamina
518 942 662 969 ederentur,
688 943 712 964 in
731 942 818 973 primis
836 943 964 966 ordinibus
982 942 1090 966 coronati

116 976 263 1004 spectarent,
273 978 348 1004 utque
358 974 409 998 fato
419 975 558 999 functorum
568 975 639 999 liberi
648 976 723 998 etiam
735 976 875 1007 impuberes
888 976 912 999 in
926 979 1030 1007 paterna
1048 976 1092 999 sti-

115 1006 207 1037 pendia
225 1008 393 1032 succederent.
431 1008 556 1032 Craterum
574 1009 732 1033 Macedoniae
756 1009 988 1040 continentibusque
1010 1009 1091 1041 regio-

115 1040 189 1063 nibus
206 1048 260 1063 cuni
280 1042 384 1072 imperio
402 1049 518 1073 praeesse
536 1042 642 1073 placuit,
667 1043 824 1074 Antipatrum
846 1050 901 1067 cum
918 1042 1091 1074 supplemento

115 1073 238 1097 iuniorum
257 1075 420 1099 Macedonum
438 1076 469 1100 ad
489 1083 572 1107 regem
592 1083 704 1108 pergere.
740 1076 878 1100 Verebatur
894 1077 971 1105 enim,
997 1084 1029 1100 ne
1047 1084 1091 1108 per

116 1107 267 1131 discordiam
286 1109 406 1140 praefecti
425 1117 481 1133 cum
499 1109 645 1141 Olympiade
661 1111 743 1142 gravis
763 1111 846 1141 aliqua
865 1110 948 1134 clades
964 1111 1090 1141 accipere-

114 1144 163 1164 tur.
200 1141 261 1165 Nam
281 1143 371 1166 multas
393 1144 425 1167 ad
443 1143 612 1167 Alexandrum
629 1144 746 1175 epistolas
765 1148 855 1173 mater,
877 1144 969 1168 multas
987 1144 1091 1175 Antipa-

113 1179 152 1198 ter
166 1175 275 1207 miserat,
295 1177 454 1207 vicissimque
469 1177 531 1201 alter
545 1177 649 1201 alterum
669 1183 815 1209 arroganter
833 1183 857 1202 et
873 1179 961 1202 acerbe
973 1178 1090 1209 pleraque

114 1207 196 1232 facere
215 1210 417 1240 criminabantur,
437 1218 501 1242 quae
517 1211 549 1235 ud
566 1212 674 1235 dedecus
692 1217 733 1235 aut
749 1212 921 1236 detrimentum
936 1212 1021 1244 regiae
1039 1219 1090 1235 ma-

113 1242 209 1266 iestatis
225 1244 382 1274 pertinerent.
419 1246 553 1276 Postquam
573 1246 637 1269 enim
652 1252 735 1269 rumor
751 1247 825 1270 occisi
844 1247 910 1277 regis
926 1250 1017 1270 temere
1035 1245 1090 1269 vul-

113 1279 185 1306 gatus
204 1277 229 1300 in
248 1277 418 1302 Macedoniam
435 1279 629 1310 penetravisset,
657 1283 735 1303 mater
750 1280 804 1304 eius
823 1287 941 1310 sororque
960 1279 1090 1310 Cleopatra

112 1309 275 1335 tumultuatae
293 1311 404 1341 fuerant,
428 1317 451 1336 et
470 1313 531 1336 haec
546 1313 646 1343 quidem
666 1317 797 1344 paternum
815 1321 934 1345 regnum,
962 1312 1089 1344 Olympias

112 1343 216 1374 Epirum
232 1345 364 1370 invaserat.
382 1347 464 1375 Forte,
481 1347 539 1370 dum
559 1347 681 1371 eiusmodi
697 1346 793 1371 litterae
812 1347 957 1375 redduntur,
975 1346 1089 1377 Hephae-

113 1378 176 1401 stion
192 1383 316 1409 assuetus,
338 1381 447 1404 omnium
462 1388 607 1405 arcanorum
622 1388 649 1404 se
667 1381 814 1413 participem
832 1380 926 1410 haberi,
950 1381 1089 1412 resignatas

112 1412 142 1434 ab
159 1411 301 1438 Alexandro
320 1414 395 1438 simui
413 1415 567 1447 inspiciebat.
604 1414 689 1445 Neque
704 1415 782 1439 vetuit
801 1422 857 1439 eum
872 1422 925 1444 rex,
944 1415 990 1439 sed
1007 1414 1088 1438 detra-

112 1450 177 1469 ctum
194 1447 272 1479 digito
292 1449 393 1472 anulum
413 1450 450 1473 ori
469 1449 574 1481 legentis
590 1449 715 1480 admovit,
743 1448 803 1473 nihil
825 1456 926 1478 eorum,
950 1456 1014 1479 quae
1031 1455 1088 1479 per-

111 1480 201 1511 scripta
228 1487 324 1511 essent,
356 1484 380 1507 in
406 1483 468 1508 aiios
490 1483 642 1507 efferendum
667 1483 818 1514 significans.
854 1484 984 1507 Incusasse
1005 1486 1087 1506 autem

111 1515 197 1538 ambos
223 1515 301 1540 fertur
318 1521 342 1541 et
361 1518 446 1541 matris
470 1517 603 1542 insolentia
627 1521 754 1549 permotus
772 1517 941 1545 exclamasse,
964 1524 1019 1541 eam
1042 1523 1087 1547 pro

109 1547 262 1574 habitatione
282 1551 367 1575 decem
384 1552 520 1580 mensium,
548 1559 622 1582 quam
640 1552 665 1575 in
684 1555 755 1576 utero
773 1552 822 1575 sibi
839 1551 1012 1583 praebuisset,
1031 1556 1087 1581 gra-

111 1589 165 1605 vem
181 1585 319 1609 mercedem
340 1586 452 1617 exigere:
470 1586 626 1618 Antipatrum
645 1593 704 1610 vero
719 1590 861 1617 suspectum
876 1584 1004 1613 habuisse,
1016 1583 1088 1614 quasi

109 1620 180 1646 parta
199 1625 230 1641 ex
249 1618 376 1649 Spartanis
394 1620 497 1644 victoria
514 1619 641 1643 tollentem
659 1620 756 1643 animos
775 1624 799 1643 et
820 1619 924 1651 imperio
944 1622 980 1642 tot
994 1617 1043 1641 iam
1062 1617 1088 1640 in

110 1655 187 1673 annos
206 1658 339 1683 prorogato
359 1661 434 1685 supra
449 1654 569 1685 praefecti
589 1653 690 1677 modum
705 1652 807 1677 elatum.
843 1653 928 1683 Itaque
943 1658 1018 1682 quum
1034 1650 1088 1675 eius

108 1684 219 1713 gravitas
238 1690 311 1716 atque
326 1687 455 1719 integritas
471 1695 485 1711 a
504 1687 655 1718 qmbusdam
671 1687 863 1718 praedicaretur,
883 1686 995 1713 subiecit,
1020 1688 1087 1709 exte-
