<?xml version="1.0" encoding="UTF-8"?>
<!DOCTYPE html PUBLIC "-//W3C//DTD XHTML 1.0 Transitional//EN"
    "http://www.w3.org/TR/xhtml1/DTD/xhtml1-transitional.dtd">
<html xmlns="http://www.w3.org/1999/xhtml" xml:lang="en" lang="en">
 <head>
  <title>
</title>
<meta http-equiv="Content-Type" content="text/html;charset=utf-8" />
  <meta name='ocr-system' content='tesseract 3.04.00' />
  <meta name='ocr-capabilities' content='ocr_page ocr_carea ocr_par ocr_line ocrx_word'/>
</head>
<body>
  <div class='ocr_page' id='page_1' title='image "./degestisalexand00curtuoft_0039.png"; bbox 0 0 1215 1895; ppageno 0'>
   <div class='ocr_carea' id='block_1_1' title="bbox 255 45 1176 85">
    <p class='ocr_par' dir='ltr' id='par_1_1' title="bbox 255 45 1176 85">
     <span class='ocr_line' id='line_1_1' title="bbox 255 45 1176 85; baseline -0.005 -4"><span class='ocrx_word' id='word_1_1' title='bbox 255 51 327 81; x_wconf 85' lang='lat' dir='ltr'>LIB.</span> <span class='ocrx_word' id='word_1_2' title='bbox 344 51 393 81; x_wconf 88' lang='lat'>111.</span> <span class='ocrx_word' id='word_1_3' title='bbox 416 50 498 80; x_wconf 82' lang='lat' dir='ltr'><strong>CAP.</strong></span> <span class='ocrx_word' id='word_1_4' title='bbox 513 51 550 85; x_wconf 89' lang='lat' dir='ltr'>V,</span> <span class='ocrx_word' id='word_1_5' title='bbox 567 47 724 79; x_wconf 83' lang='lat' dir='ltr'><strong>2—CAP.</strong></span> <span class='ocrx_word' id='word_1_6' title='bbox 741 47 791 83; x_wconf 83' lang='lat' dir='ltr'>Vl,</span> <span class='ocrx_word' id='word_1_7' title='bbox 808 49 833 77; x_wconf 88' lang='grc'>7.</span> <span class='ocrx_word' id='word_1_8' title='bbox 855 49 905 76; x_wconf 83' lang='lat'>[¹¹¹.</span> <span class='ocrx_word' id='word_1_9' title='bbox 923 48 1005 69; x_wconf 75' lang='lat'><strong>¹²-¹⁴·</strong></span> <span class='ocrx_word' id='word_1_10' title='bbox 1025 48 1066 74; x_wconf 90' lang='lat' dir='ltr'>z.]</span> <span class='ocrx_word' id='word_1_11' title='bbox 1141 45 1176 76; x_wconf 77' lang='lat' dir='ltr'>ll</span> 
     </span>
    </p>
   </div>
   <div class='ocr_carea' id='block_1_2' title="bbox 138 122 1179 625">
    <p class='ocr_par' dir='ltr' id='par_1_2' title="bbox 179 122 1178 207">
     <span class='ocr_line' id='line_1_2' title="bbox 179 122 1178 164; baseline -0.009 -5"><span class='ocrx_word' id='word_1_12' title='bbox 179 132 298 159; x_wconf 82' lang='lat' dir='ltr'>strenue</span> <span class='ocrx_word' id='word_1_13' title='bbox 325 136 414 164; x_wconf 78' lang='lat' dir='ltr'>quam</span> <span class='ocrx_word' id='word_1_14' title='bbox 425 127 512 156; x_wconf 82' lang='lat' dir='ltr'>tarde</span> <span class='ocrx_word' id='word_1_15' title='bbox 525 126 729 156; x_wconf 78' lang='lat' dir='ltr'>convalescere</span> <span class='ocrx_word' id='word_1_16' title='bbox 746 124 819 154; x_wconf 73' lang='lat' dir='ltr'>milti</span> <span class='ocrx_word' id='word_1_17' title='bbox 834 125 938 153; x_wconf 82' lang='lat' dir='ltr'>melius</span> <span class='ocrx_word' id='word_1_18' title='bbox 955 126 1005 152; x_wconf 76' lang='lat' dir='ltr'>est.</span> <span class='ocrx_word' id='word_1_19' title='bbox 1039 122 1178 157; x_wconf 78' lang='lat' dir='ltr'><strong><em>Proinde,</em></strong></span> 
     </span>
     <span class='ocr_line' id='line_1_3' title="bbox 179 166 1178 207; baseline -0.008 -7"><span class='ocrx_word' id='word_1_20' title='bbox 179 170 289 207; x_wconf 76' lang='lat' dir='ltr'>siquid</span> <span class='ocrx_word' id='word_1_21' title='bbox 299 171 370 206; x_wconf 74' lang='lat' dir='ltr'>opis,</span> <span class='ocrx_word' id='word_1_22' title='bbox 389 171 416 199; x_wconf 80' lang='lat' dir='ltr'>si</span> <span class='ocrx_word' id='word_1_23' title='bbox 431 169 505 206; x_wconf 73' lang='lat' dir='ltr'>quid</span> <span class='ocrx_word' id='word_1_24' title='bbox 517 169 592 197; x_wconf 82' lang='lat' dir='ltr'>artis</span> <span class='ocrx_word' id='word_1_25' title='bbox 603 169 633 196; x_wconf 85' lang='lat' dir='ltr'>in</span> <span class='ocrx_word' id='word_1_26' title='bbox 651 166 772 196; x_wconf 77' lang='lat' dir='ltr'>medicis</span> <span class='ocrx_word' id='word_1_27' title='bbox 789 168 838 201; x_wconf 76' lang='lat' dir='ltr'>est,</span> <span class='ocrx_word' id='word_1_28' title='bbox 857 166 960 201; x_wconf 81' lang='lat' dir='ltr'>sciant,</span> <span class='ocrx_word' id='word_1_29' title='bbox 979 172 1025 194; x_wconf 90' lang='lat' dir='ltr'>me</span> <span class='ocrx_word' id='word_1_30' title='bbox 1041 172 1099 194; x_wconf 83' lang='lat' dir='ltr'>non</span> <span class='ocrx_word' id='word_1_31' title='bbox 1119 168 1178 193; x_wconf 79' lang='lat' dir='ltr'>tam</span> 
     </span>
    </p>

    <p class='ocr_par' dir='ltr' id='par_1_3' title="bbox 139 205 1178 332">
     <span class='ocr_line' id='line_1_4' title="bbox 139 205 1178 248; baseline -0.007 -6"><span class='ocrx_word' id='word_1_32' title='bbox 139 216 172 242; x_wconf 77' lang='lat'>14</span> <span class='ocrx_word' id='word_1_33' title='bbox 180 213 288 247; x_wconf 80' lang='lat' dir='ltr'>mortis,</span> <span class='ocrx_word' id='word_1_34' title='bbox 307 219 397 248; x_wconf 78' lang='lat' dir='ltr'>quam</span> <span class='ocrx_word' id='word_1_35' title='bbox 415 211 484 240; x_wconf 84' lang='lat' dir='ltr'>belli</span> <span class='ocrx_word' id='word_1_36' title='bbox 499 209 659 239; x_wconf 82' lang='lat' dir='ltr'>remedium</span> <span class='ocrx_word' id='word_1_37' title='bbox 674 216 828 245; x_wconf 81' lang='lat' dir='ltr'><strong><em>quaerere.</em></strong></span> <span class='ocrx_word' id='word_1_38' title='bbox 865 208 1021 243; x_wconf 75' lang='lat' dir='ltr'>Ingentem</span> <span class='ocrx_word' id='word_1_39' title='bbox 1037 205 1178 235; x_wconf 89' lang='lat' dir='ltr'>omnibus</span> 
     </span>
     <span class='ocr_line' id='line_1_5' title="bbox 181 248 1178 288; baseline -0.006 -6"><span class='ocrx_word' id='word_1_40' title='bbox 181 253 355 284; x_wconf 75' lang='lat' dir='ltr'>incusserat</span> <span class='ocrx_word' id='word_1_41' title='bbox 370 260 473 282; x_wconf 85' lang='lat' dir='ltr'>euram</span> <span class='ocrx_word' id='word_1_42' title='bbox 489 256 548 281; x_wconf 87' lang='lat' dir='ltr'>tam</span> <span class='ocrx_word' id='word_1_43' title='bbox 564 258 715 288; x_wconf 85' lang='lat' dir='ltr'>praeceps</span> <span class='ocrx_word' id='word_1_44' title='bbox 732 249 886 279; x_wconf 74' lang='lat' dir='ltr'>temeritas</span> <span class='ocrx_word' id='word_1_45' title='bbox 906 248 982 278; x_wconf 88' lang='lat' dir='ltr'>eius.</span> <span class='ocrx_word' id='word_1_46' title='bbox 1025 248 1105 285; x_wconf 86' lang='lat' dir='ltr'>Ergo</span> <span class='ocrx_word' id='word_1_47' title='bbox 1122 255 1178 284; x_wconf 86' lang='lat' dir='ltr'>pro</span> 
     </span>
     <span class='ocr_line' id='line_1_6' title="bbox 181 289 1177 332; baseline -0.005 -8"><span class='ocrx_word' id='word_1_48' title='bbox 181 304 216 325; x_wconf 86' lang='lat' dir='ltr'>se</span> <span class='ocrx_word' id='word_1_49' title='bbox 231 294 363 332; x_wconf 88' lang='lat' dir='ltr'>quisque</span> <span class='ocrx_word' id='word_1_50' title='bbox 378 293 498 331; x_wconf 76' lang='lat' dir='ltr'>precari</span> <span class='ocrx_word' id='word_1_51' title='bbox 515 300 656 330; x_wconf 86' lang='lat' dir='ltr'>coepere,</span> <span class='ocrx_word' id='word_1_52' title='bbox 676 300 714 321; x_wconf 92' lang='lat' dir='ltr'>ne</span> <span class='ocrx_word' id='word_1_53' title='bbox 731 290 925 321; x_wconf 79' lang='lat' dir='ltr'>festinatione</span> <span class='ocrx_word' id='word_1_54' title='bbox 940 289 1110 328; x_wconf 86' lang='lat' dir='ltr'>perieulum</span> <span class='ocrx_word' id='word_1_55' title='bbox 1126 298 1177 319; x_wconf 87' lang='lat' dir='ltr'>au-</span> 
     </span>
    </p>

    <p class='ocr_par' dir='ltr' id='par_1_4' title="bbox 139 332 1178 455">
     <span class='ocr_line' id='line_1_7' title="bbox 139 332 1178 374; baseline -0.006 -7"><span class='ocrx_word' id='word_1_56' title='bbox 139 342 172 367; x_wconf 85' lang='lat'>15</span> <span class='ocrx_word' id='word_1_57' title='bbox 181 341 275 374; x_wconf 84' lang='lat' dir='ltr'>geret,</span> <span class='ocrx_word' id='word_1_58' title='bbox 291 337 346 369; x_wconf 86' lang='lat' dir='ltr'>sed</span> <span class='ocrx_word' id='word_1_59' title='bbox 363 340 447 366; x_wconf 89' lang='lat' dir='ltr'>esset</span> <span class='ocrx_word' id='word_1_60' title='bbox 462 335 490 364; x_wconf 93' lang='lat' dir='ltr'>in</span> <span class='ocrx_word' id='word_1_61' title='bbox 507 339 660 372; x_wconf 80' lang='lat' dir='ltr'>potestate</span> <span class='ocrx_word' id='word_1_62' title='bbox 675 332 877 363; x_wconf 82' lang='lat' dir='ltr'>medentium:</span> <span class='ocrx_word' id='word_1_63' title='bbox 907 332 1066 369; x_wconf 84' lang='lat' dir='ltr'>inexperta</span> <span class='ocrx_word' id='word_1_64' title='bbox 1082 340 1178 361; x_wconf 86' lang='lat' dir='ltr'>reme-</span> 
     </span>
     <span class='ocr_line' id='line_1_8' title="bbox 180 373 1178 414; baseline -0.006 -6"><span class='ocrx_word' id='word_1_65' title='bbox 180 378 230 409; x_wconf 85' lang='lat' dir='ltr'>dia</span> <span class='ocrx_word' id='word_1_66' title='bbox 246 378 328 410; x_wconf 84' lang='lat' dir='ltr'>haud</span> <span class='ocrx_word' id='word_1_67' title='bbox 343 377 451 408; x_wconf 85' lang='lat' dir='ltr'>iniuria</span> <span class='ocrx_word' id='word_1_68' title='bbox 468 376 544 414; x_wconf 85' lang='lat' dir='ltr'>ipsis</span> <span class='ocrx_word' id='word_1_69' title='bbox 561 385 632 406; x_wconf 87' lang='lat' dir='ltr'>esse</span> <span class='ocrx_word' id='word_1_70' title='bbox 647 379 808 413; x_wconf 83' lang='lat' dir='ltr'>suspecta,</span> <span class='ocrx_word' id='word_1_71' title='bbox 836 383 928 412; x_wconf 80' lang='lat' dir='ltr'>quum</span> <span class='ocrx_word' id='word_1_72' title='bbox 950 374 988 403; x_wconf 87' lang='lat' dir='ltr'>ad</span> <span class='ocrx_word' id='word_1_73' title='bbox 1012 373 1178 411; x_wconf 84' lang='lat' dir='ltr'>perniciem</span> 
     </span>
     <span class='ocr_line' id='line_1_9' title="bbox 180 415 1177 455; baseline -0.006 -5"><span class='ocrx_word' id='word_1_74' title='bbox 180 420 246 450; x_wconf 86' lang='lat' dir='ltr'>eius</span> <span class='ocrx_word' id='word_1_75' title='bbox 276 419 366 450; x_wconf 82' lang='lat' dir='ltr'>etiam</span> <span class='ocrx_word' id='word_1_76' title='bbox 395 428 413 448; x_wconf 92' lang='lat' dir='ltr'>a</span> <span class='ocrx_word' id='word_1_77' title='bbox 442 420 536 449; x_wconf 86' lang='lat' dir='ltr'>latere</span> <span class='ocrx_word' id='word_1_78' title='bbox 564 418 663 455; x_wconf 90' lang='lat' dir='ltr'>ipsius</span> <span class='ocrx_word' id='word_1_79' title='bbox 694 416 825 455; x_wconf 88' lang='lat' dir='ltr'>pecunia</span> <span class='ocrx_word' id='word_1_80' title='bbox 860 416 1037 447; x_wconf 84' lang='lat' dir='ltr'>sollicitaret</span> <span class='ocrx_word' id='word_1_81' title='bbox 1069 415 1177 445; x_wconf 87' lang='lat' dir='ltr'>hostis.</span> 
     </span>
    </p>

    <p class='ocr_par' dir='ltr' id='par_1_5' title="bbox 138 457 1179 625">
     <span class='ocr_line' id='line_1_10' title="bbox 138 457 1178 499; baseline -0.006 -7"><span class='ocrx_word' id='word_1_82' title='bbox 138 467 171 494; x_wconf 85' lang='lat'>16</span> <span class='ocrx_word' id='word_1_83' title='bbox 181 461 300 499; x_wconf 82' lang='lat' dir='ltr'>Quippe</span> <span class='ocrx_word' id='word_1_84' title='bbox 316 462 433 491; x_wconf 78' lang='lat' dir='ltr'>Dareus</span> <span class='ocrx_word' id='word_1_85' title='bbox 456 460 536 490; x_wconf 89' lang='lat' dir='ltr'>mille</span> <span class='ocrx_word' id='word_1_86' title='bbox 559 461 671 490; x_wconf 85' lang='lat' dir='ltr'>talenta</span> <span class='ocrx_word' id='word_1_87' title='bbox 692 459 879 489; x_wconf 74' lang='lat' dir='ltr'>interfectori</span> <span class='ocrx_word' id='word_1_88' title='bbox 901 457 1071 488; x_wconf 79' lang='lat' dir='ltr'>Alexandri</span> <span class='ocrx_word' id='word_1_89' title='bbox 1093 458 1178 487; x_wconf 88' lang='lat' dir='ltr'>datu-</span> 
     </span>
     <span class='ocr_line' id='line_1_11' title="bbox 178 499 1178 540; baseline -0.005 -7"><span class='ocrx_word' id='word_1_90' title='bbox 178 512 245 534; x_wconf 90' lang='lat' dir='ltr'>rum</span> <span class='ocrx_word' id='word_1_91' title='bbox 261 512 296 533; x_wconf 90' lang='lat' dir='ltr'>se</span> <span class='ocrx_word' id='word_1_92' title='bbox 311 503 500 540; x_wconf 88' lang='lat' dir='ltr'>pronuntiari</span> <span class='ocrx_word' id='word_1_93' title='bbox 517 502 657 532; x_wconf 85' lang='lat' dir='ltr'>iusserat.</span> <span class='ocrx_word' id='word_1_94' title='bbox 695 503 801 538; x_wconf 86' lang='lat' dir='ltr'>ltaque</span> <span class='ocrx_word' id='word_1_95' title='bbox 824 510 862 530; x_wconf 88' lang='lat' dir='ltr'>ne</span> <span class='ocrx_word' id='word_1_96' title='bbox 884 509 1030 530; x_wconf 84' lang='lat' dir='ltr'>ausurum</span> <span class='ocrx_word' id='word_1_97' title='bbox 1054 499 1178 536; x_wconf 89' lang='lat' dir='ltr'>quidem</span> 
     </span>
     <span class='ocr_line' id='line_1_12' title="bbox 179 542 1179 582; baseline -0.006 -6"><span class='ocrx_word' id='word_1_98' title='bbox 179 554 365 582; x_wconf 79' lang='lat' dir='ltr'><strong>quemquam</strong></span> <span class='ocrx_word' id='word_1_99' title='bbox 381 545 604 575; x_wconf 83' lang='lat' dir='ltr'>arbitrabantur</span> <span class='ocrx_word' id='word_1_100' title='bbox 617 543 749 581; x_wconf 86' lang='lat' dir='ltr'>experiri</span> <span class='ocrx_word' id='word_1_101' title='bbox 763 543 940 578; x_wconf 86' lang='lat' dir='ltr'>remedium,</span> <span class='ocrx_word' id='word_1_102' title='bbox 956 542 1039 581; x_wconf 89' lang='lat' dir='ltr'>quod</span> <span class='ocrx_word' id='word_1_103' title='bbox 1052 545 1179 580; x_wconf 86' lang='lat' dir='ltr'>propter</span> 
     </span>
     <span class='ocr_line' id='line_1_13' title="bbox 179 587 758 625; baseline -0.002 -9"><span class='ocrx_word' id='word_1_104' title='bbox 179 587 345 618; x_wconf 83' lang='lat' dir='ltr'>novitatem</span> <span class='ocrx_word' id='word_1_105' title='bbox 361 591 468 625; x_wconf 88' lang='lat' dir='ltr'>posset</span> <span class='ocrx_word' id='word_1_106' title='bbox 484 595 555 616; x_wconf 82' lang='lat' dir='ltr'>esse</span> <span class='ocrx_word' id='word_1_107' title='bbox 571 590 758 624; x_wconf 86' lang='lat' dir='ltr'>suspectum.</span> 
     </span>
    </p>
   </div>
   <div class='ocr_carea' id='block_1_3' title="bbox 576 692 744 722">
    <p class='ocr_par' dir='ltr' id='par_1_6' title="bbox 576 692 744 722">
     <span class='ocr_line' id='line_1_14' title="bbox 576 692 744 722; baseline -0.012 0"><span class='ocrx_word' id='word_1_108' title='bbox 576 692 596 722; x_wconf 92' lang='lat' dir='ltr'>C</span> <span class='ocrx_word' id='word_1_109' title='bbox 606 694 631 721; x_wconf 88' lang='grc' dir='ltr'>Α</span> <span class='ocrx_word' id='word_1_110' title='bbox 640 692 670 721; x_wconf 92' lang='grc' dir='ltr'>Ρ.</span> <span class='ocrx_word' id='word_1_111' title='bbox 694 692 744 721; x_wconf 81' lang='lat' dir='ltr'>vt.</span> 
     </span>
    </p>
   </div>
   <div class='ocr_carea' id='block_1_4' title="bbox 150 759 1177 1724">
    <p class='ocr_par' dir='ltr' id='par_1_7' title="bbox 157 759 1177 882">
     <span class='ocr_line' id='line_1_15' title="bbox 157 759 1175 797; baseline -0.001 -6"><span class='ocrx_word' id='word_1_112' title='bbox 157 766 170 791; x_wconf 90' lang='lat'>1</span> <span class='ocrx_word' id='word_1_113' title='bbox 265 759 333 797; x_wconf 84' lang='lat'><strong>(14)</strong></span> <span class='ocrx_word' id='word_1_114' title='bbox 354 760 426 789; x_wconf 86' lang='lat' dir='ltr'>Erat</span> <span class='ocrx_word' id='word_1_115' title='bbox 441 759 518 789; x_wconf 88' lang='lat' dir='ltr'>inter</span> <span class='ocrx_word' id='word_1_116' title='bbox 534 759 654 790; x_wconf 80' lang='lat' dir='ltr'>nobiles</span> <span class='ocrx_word' id='word_1_117' title='bbox 669 759 807 790; x_wconf 83' lang='lat' dir='ltr'>medicos</span> <span class='ocrx_word' id='word_1_118' title='bbox 825 769 863 790; x_wconf 88' lang='lat' dir='ltr'>ex</span> <span class='ocrx_word' id='word_1_119' title='bbox 877 760 1059 790; x_wconf 83' lang='lat' dir='ltr'>Macedonia</span> <span class='ocrx_word' id='word_1_120' title='bbox 1074 768 1175 797; x_wconf 81' lang='lat' dir='ltr'>regem</span> 
     </span>
     <span class='ocr_line' id='line_1_16' title="bbox 179 801 1162 839; baseline -0.002 -7"><span class='ocrx_word' id='word_1_121' title='bbox 179 807 304 832; x_wconf 87' lang='lat' dir='ltr'>secutus</span> <span class='ocrx_word' id='word_1_122' title='bbox 319 801 489 839; x_wconf 84' lang='lat' dir='ltr'>Philippus,</span> <span class='ocrx_word' id='word_1_123' title='bbox 504 801 628 831; x_wconf 89' lang='lat' dir='ltr'>natione</span> <span class='ocrx_word' id='word_1_124' title='bbox 643 802 795 836; x_wconf 83' lang='lat' dir='ltr'>Acarnan,</span> <span class='ocrx_word' id='word_1_125' title='bbox 820 802 900 832; x_wconf 88' lang='lat' dir='ltr'>fidus</span> <span class='ocrx_word' id='word_1_126' title='bbox 916 802 1081 832; x_wconf 79' lang='lat' dir='ltr'>admodum</span> <span class='ocrx_word' id='word_1_127' title='bbox 1096 801 1162 838; x_wconf 81' lang='lat' dir='ltr'>regi</span> 
     </span>
     <span class='ocr_line' id='line_1_17' title="bbox 178 843 1177 882; baseline -0.001 -8"><span class='ocrx_word' id='word_1_128' title='bbox 178 852 274 882; x_wconf 83' lang='lat' dir='ltr'>puero</span> <span class='ocrx_word' id='word_1_129' title='bbox 291 852 395 874; x_wconf 81' lang='lat' dir='ltr'>comes</span> <span class='ocrx_word' id='word_1_130' title='bbox 413 848 442 874; x_wconf 85' lang='lat' dir='ltr'>et</span> <span class='ocrx_word' id='word_1_131' title='bbox 458 849 562 873; x_wconf 86' lang='lat' dir='ltr'>eustos</span> <span class='ocrx_word' id='word_1_132' title='bbox 579 843 686 874; x_wconf 85' lang='lat' dir='ltr'>salutis</span> <span class='ocrx_word' id='word_1_133' title='bbox 703 844 791 874; x_wconf 88' lang='lat' dir='ltr'>datus</span> <span class='ocrx_word' id='word_1_134' title='bbox 814 852 874 874; x_wconf 89' lang='lat' dir='ltr'>non</span> <span class='ocrx_word' id='word_1_135' title='bbox 897 848 929 873; x_wconf 91' lang='lat' dir='ltr'>ut</span> <span class='ocrx_word' id='word_1_136' title='bbox 950 852 1053 881; x_wconf 86' lang='lat' dir='ltr'>regern</span> <span class='ocrx_word' id='word_1_137' title='bbox 1074 843 1177 879; x_wconf 89' lang='lat' dir='ltr'>modo,</span> 
     </span>
    </p>

    <p class='ocr_par' dir='ltr' id='par_1_8' title="bbox 153 885 1177 1050">
     <span class='ocr_line' id='line_1_18' title="bbox 153 885 1177 922; baseline -0.003 -5"><span class='ocrx_word' id='word_1_138' title='bbox 153 887 236 917; x_wconf 81' lang='lat' dir='ltr'>2sed</span> <span class='ocrx_word' id='word_1_139' title='bbox 259 886 348 916; x_wconf 88' lang='lat' dir='ltr'>etiam</span> <span class='ocrx_word' id='word_1_140' title='bbox 371 891 403 916; x_wconf 93' lang='lat' dir='ltr'>ut</span> <span class='ocrx_word' id='word_1_141' title='bbox 425 887 578 916; x_wconf 89' lang='lat' dir='ltr'>alumnum</span> <span class='ocrx_word' id='word_1_142' title='bbox 600 885 711 916; x_wconf 86' lang='lat' dir='ltr'>eximia</span> <span class='ocrx_word' id='word_1_143' title='bbox 727 885 852 916; x_wconf 82' lang='lat' dir='ltr'>caritate</span> <span class='ocrx_word' id='word_1_144' title='bbox 868 885 1022 922; x_wconf 79' lang='lat' dir='ltr'>diligebat.</span> <span class='ocrx_word' id='word_1_145' title='bbox 1064 886 1092 915; x_wconf 90' lang='lat' dir='ltr'>Is</span> <span class='ocrx_word' id='word_1_146' title='bbox 1115 893 1177 915; x_wconf 88' lang='lat' dir='ltr'>non</span> 
     </span>
     <span class='ocr_line' id='line_1_19' title="bbox 179 928 1177 967; baseline 0 -9"><span class='ocrx_word' id='word_1_147' title='bbox 179 936 330 967; x_wconf 84' lang='lat' dir='ltr'>praeceps</span> <span class='ocrx_word' id='word_1_148' title='bbox 347 937 397 964; x_wconf 86' lang='lat' dir='ltr'>se,</span> <span class='ocrx_word' id='word_1_149' title='bbox 420 928 476 958; x_wconf 88' lang='lat' dir='ltr'>sed</span> <span class='ocrx_word' id='word_1_150' title='bbox 498 933 655 958; x_wconf 89' lang='lat' dir='ltr'>strenuum</span> <span class='ocrx_word' id='word_1_151' title='bbox 676 928 845 958; x_wconf 85' lang='lat' dir='ltr'>remedium</span> <span class='ocrx_word' id='word_1_152' title='bbox 867 928 978 958; x_wconf 83' lang='lat' dir='ltr'>afferre</span> <span class='ocrx_word' id='word_1_153' title='bbox 1002 932 1177 965; x_wconf 76' lang='lat' dir='ltr'>tantamque</span> 
     </span>
     <span class='ocr_line' id='line_1_20' title="bbox 179 970 1174 1007; baseline -0.001 -8"><span class='ocrx_word' id='word_1_154' title='bbox 179 970 240 999; x_wconf 85' lang='lat' dir='ltr'>vim</span> <span class='ocrx_word' id='word_1_155' title='bbox 266 970 364 1000; x_wconf 81' lang='lat' dir='ltr'>morbi</span> <span class='ocrx_word' id='word_1_156' title='bbox 392 970 517 1007; x_wconf 87' lang='lat' dir='ltr'>potione</span> <span class='ocrx_word' id='word_1_157' title='bbox 543 970 695 1000; x_wconf 82' lang='lat' dir='ltr'>medicata</span> <span class='ocrx_word' id='word_1_158' title='bbox 720 972 889 1000; x_wconf 79' lang='lat' dir='ltr'>levaturum</span> <span class='ocrx_word' id='word_1_159' title='bbox 923 978 994 1000; x_wconf 88' lang='lat' dir='ltr'>esse</span> <span class='ocrx_word' id='word_1_160' title='bbox 1026 970 1174 1007; x_wconf 74' lang='lat' dir='ltr'>promisit.</span> 
     </span>
     <span class='ocr_line' id='line_1_21' title="bbox 177 1011 1176 1050; baseline 0 -9"><span class='ocrx_word' id='word_1_161' title='bbox 177 1011 257 1042; x_wconf 85' lang='lat' dir='ltr'>Nulli</span> <span class='ocrx_word' id='word_1_162' title='bbox 274 1012 459 1049; x_wconf 87' lang='lat' dir='ltr'>promissum</span> <span class='ocrx_word' id='word_1_163' title='bbox 475 1012 541 1042; x_wconf 91' lang='lat' dir='ltr'>eius</span> <span class='ocrx_word' id='word_1_164' title='bbox 558 1013 698 1049; x_wconf 75' lang='lat' dir='ltr'>placebat</span> <span class='ocrx_word' id='word_1_165' title='bbox 714 1017 836 1050; x_wconf 85' lang='lat' dir='ltr'>praeter</span> <span class='ocrx_word' id='word_1_166' title='bbox 851 1012 967 1049; x_wconf 83' lang='lat' dir='ltr'>ipsum,</span> <span class='ocrx_word' id='word_1_167' title='bbox 992 1012 1079 1042; x_wconf 87' lang='lat' dir='ltr'>euius</span> <span class='ocrx_word' id='word_1_168' title='bbox 1095 1012 1176 1050; x_wconf 88' lang='lat' dir='ltr'>peri-</span> 
     </span>
    </p>

    <p class='ocr_par' dir='ltr' id='par_1_9' title="bbox 151 1053 1177 1386">
     <span class='ocr_line' id='line_1_22' title="bbox 154 1053 1176 1092; baseline -0.001 -7"><span class='ocrx_word' id='word_1_169' title='bbox 154 1055 248 1085; x_wconf 70' lang='lat' dir='ltr'>aculo</span> <span class='ocrx_word' id='word_1_170' title='bbox 266 1054 477 1091; x_wconf 70' lang='lat' dir='ltr'>pollicebatur.</span> <span class='ocrx_word' id='word_1_171' title='bbox 520 1053 626 1083; x_wconf 83' lang='lat' dir='ltr'>Omnia</span> <span class='ocrx_word' id='word_1_172' title='bbox 648 1054 763 1092; x_wconf 84' lang='lat' dir='ltr'>quippe</span> <span class='ocrx_word' id='word_1_173' title='bbox 786 1054 905 1084; x_wconf 78' lang='lat' dir='ltr'>facilius</span> <span class='ocrx_word' id='word_1_174' title='bbox 949 1063 1040 1091; x_wconf 89' lang='lat' dir='ltr'>quam</span> <span class='ocrx_word' id='word_1_175' title='bbox 1060 1062 1176 1084; x_wconf 89' lang='lat' dir='ltr'>moram</span> 
     </span>
     <span class='ocr_line' id='line_1_23' title="bbox 178 1095 1175 1133; baseline 0.001 -8"><span class='ocrx_word' id='word_1_176' title='bbox 178 1095 298 1133; x_wconf 87' lang='lat' dir='ltr'>perpeti</span> <span class='ocrx_word' id='word_1_177' title='bbox 324 1100 458 1132; x_wconf 87' lang='lat' dir='ltr'>poterat:</span> <span class='ocrx_word' id='word_1_178' title='bbox 485 1104 568 1125; x_wconf 84' lang='lat' dir='ltr'>arma</span> <span class='ocrx_word' id='word_1_179' title='bbox 584 1101 613 1125; x_wconf 83' lang='lat' dir='ltr'>et</span> <span class='ocrx_word' id='word_1_180' title='bbox 628 1097 712 1126; x_wconf 83' lang='lat' dir='ltr'>acies</span> <span class='ocrx_word' id='word_1_181' title='bbox 734 1097 762 1125; x_wconf 93' lang='lat' dir='ltr'>in</span> <span class='ocrx_word' id='word_1_182' title='bbox 779 1096 877 1126; x_wconf 85' lang='lat' dir='ltr'>oculis</span> <span class='ocrx_word' id='word_1_183' title='bbox 899 1101 998 1132; x_wconf 87' lang='lat' dir='ltr'>erant,</span> <span class='ocrx_word' id='word_1_184' title='bbox 1025 1101 1055 1127; x_wconf 87' lang='lat' dir='ltr'>et</span> <span class='ocrx_word' id='word_1_185' title='bbox 1080 1096 1175 1126; x_wconf 86' lang='lat' dir='ltr'>victo-</span> 
     </span>
     <span class='ocr_line' id='line_1_24' title="bbox 178 1137 1177 1176; baseline 0.002 -10"><span class='ocrx_word' id='word_1_186' title='bbox 178 1137 253 1166; x_wconf 89' lang='lat' dir='ltr'>riam</span> <span class='ocrx_word' id='word_1_187' title='bbox 268 1137 297 1166; x_wconf 91' lang='lat' dir='ltr'>in</span> <span class='ocrx_word' id='word_1_188' title='bbox 315 1146 352 1167; x_wconf 89' lang='lat' dir='ltr'>eo</span> <span class='ocrx_word' id='word_1_189' title='bbox 369 1137 501 1174; x_wconf 87' lang='lat' dir='ltr'>positam</span> <span class='ocrx_word' id='word_1_190' title='bbox 517 1147 588 1168; x_wconf 84' lang='lat' dir='ltr'>esse</span> <span class='ocrx_word' id='word_1_191' title='bbox 604 1138 814 1174; x_wconf 74' lang='lat' dir='ltr'>arbitrabatur,</span> <span class='ocrx_word' id='word_1_192' title='bbox 831 1138 857 1168; x_wconf 91' lang='lat' dir='ltr'>si</span> <span class='ocrx_word' id='word_1_193' title='bbox 872 1143 987 1168; x_wconf 84' lang='lat' dir='ltr'>tantum</span> <span class='ocrx_word' id='word_1_194' title='bbox 1003 1143 1072 1168; x_wconf 87' lang='lat' dir='ltr'>ante</span> <span class='ocrx_word' id='word_1_195' title='bbox 1088 1138 1177 1176; x_wconf 85' lang='lat' dir='ltr'>signa</span> 
     </span>
     <span class='ocr_line' id='line_1_25' title="bbox 177 1179 1176 1217; baseline 0.002 -9"><span class='ocrx_word' id='word_1_196' title='bbox 177 1184 258 1211; x_wconf 84' lang='lat' dir='ltr'>stare</span> <span class='ocrx_word' id='word_1_197' title='bbox 274 1179 434 1216; x_wconf 86' lang='lat' dir='ltr'>potuisset,</span> <span class='ocrx_word' id='word_1_198' title='bbox 450 1180 481 1208; x_wconf 90' lang='lat' dir='ltr'>id</span> <span class='ocrx_word' id='word_1_199' title='bbox 496 1180 606 1217; x_wconf 88' lang='lat' dir='ltr'>ipsum,</span> <span class='ocrx_word' id='word_1_200' title='bbox 625 1181 707 1217; x_wconf 85' lang='lat' dir='ltr'>quod</span> <span class='ocrx_word' id='word_1_201' title='bbox 724 1185 795 1217; x_wconf 89' lang='lat' dir='ltr'>post</span> <span class='ocrx_word' id='word_1_202' title='bbox 811 1180 889 1210; x_wconf 90' lang='lat' dir='ltr'>diem</span> <span class='ocrx_word' id='word_1_203' title='bbox 907 1181 1027 1211; x_wconf 88' lang='lat' dir='ltr'>tertium</span> <span class='ocrx_word' id='word_1_204' title='bbox 1043 1180 1176 1210; x_wconf 84' lang='lat' dir='ltr'>medica—</span> 
     </span>
     <span class='ocr_line' id='line_1_26' title="bbox 176 1221 1174 1260; baseline 0.003 -10"><span class='ocrx_word' id='word_1_205' title='bbox 176 1225 310 1251; x_wconf 80' lang='lat' dir='ltr'>mentum</span> <span class='ocrx_word' id='word_1_206' title='bbox 326 1226 503 1259; x_wconf 84' lang='lat' dir='ltr'>sumpturus</span> <span class='ocrx_word' id='word_1_207' title='bbox 520 1227 604 1252; x_wconf 89' lang='lat' dir='ltr'>esset</span> <span class='ocrx_word' id='word_1_208' title='bbox 625 1221 679 1257; x_wconf 88' lang='lat' dir='ltr'>(ita</span> <span class='ocrx_word' id='word_1_209' title='bbox 702 1222 782 1252; x_wconf 90' lang='lat' dir='ltr'>enim</span> <span class='ocrx_word' id='word_1_210' title='bbox 803 1222 941 1253; x_wconf 84' lang='lat' dir='ltr'>medicus</span> <span class='ocrx_word' id='word_1_211' title='bbox 957 1223 1174 1260; x_wconf 82' lang='lat' dir='ltr'>praedixerat),</span> 
     </span>
     <span class='ocr_line' id='line_1_27' title="bbox 151 1264 1176 1302; baseline 0.003 -10"><span class='ocrx_word' id='word_1_212' title='bbox 151 1267 267 1300; x_wconf 79' lang='lat' dir='ltr'>4aegre</span> <span class='ocrx_word' id='word_1_213' title='bbox 284 1264 396 1293; x_wconf 82' lang='lat' dir='ltr'>ferens.</span> <span class='ocrx_word' id='word_1_214' title='bbox 433 1264 514 1293; x_wconf 92' lang='lat' dir='ltr'>lnter</span> <span class='ocrx_word' id='word_1_215' title='bbox 528 1264 604 1294; x_wconf 85' lang='lat' dir='ltr'>haee</span> <span class='ocrx_word' id='word_1_216' title='bbox 626 1273 643 1293; x_wconf 87' lang='lat' dir='ltr'>a</span> <span class='ocrx_word' id='word_1_217' title='bbox 658 1264 871 1301; x_wconf 79' lang='lat' dir='ltr'>Parmenione,</span> <span class='ocrx_word' id='word_1_218' title='bbox 893 1265 1044 1295; x_wconf 89' lang='lat' dir='ltr'>fidissimo</span> <span class='ocrx_word' id='word_1_219' title='bbox 1061 1274 1176 1302; x_wconf 89' lang='lat' dir='ltr'>purpu-</span> 
     </span>
     <span class='ocr_line' id='line_1_28' title="bbox 176 1305 1176 1343; baseline 0.003 -9"><span class='ocrx_word' id='word_1_220' title='bbox 176 1309 319 1340; x_wconf 80' lang='lat' dir='ltr'>ratorum,</span> <span class='ocrx_word' id='word_1_221' title='bbox 336 1305 450 1335; x_wconf 84' lang='lat' dir='ltr'>litteras</span> <span class='ocrx_word' id='word_1_222' title='bbox 467 1306 586 1343; x_wconf 82' lang='lat' dir='ltr'>accipit,</span> <span class='ocrx_word' id='word_1_223' title='bbox 604 1306 714 1343; x_wconf 83' lang='lat' dir='ltr'>quibus</span> <span class='ocrx_word' id='word_1_224' title='bbox 731 1307 758 1336; x_wconf 90' lang='lat' dir='ltr'>ei</span> <span class='ocrx_word' id='word_1_225' title='bbox 775 1307 980 1343; x_wconf 82' lang='lat' dir='ltr'>denuntiabat,</span> <span class='ocrx_word' id='word_1_226' title='bbox 995 1316 1033 1337; x_wconf 88' lang='lat' dir='ltr'>ne</span> <span class='ocrx_word' id='word_1_227' title='bbox 1047 1308 1176 1338; x_wconf 87' lang='lat' dir='ltr'>salutem</span> 
     </span>
     <span class='ocr_line' id='line_1_29' title="bbox 176 1347 1176 1386; baseline 0.003 -10"><span class='ocrx_word' id='word_1_228' title='bbox 176 1355 263 1377; x_wconf 87' lang='lat' dir='ltr'>suam</span> <span class='ocrx_word' id='word_1_229' title='bbox 279 1347 418 1384; x_wconf 87' lang='lat' dir='ltr'>Philippo</span> <span class='ocrx_word' id='word_1_230' title='bbox 436 1348 650 1378; x_wconf 83' lang='lat' dir='ltr'>committeret:</span> <span class='ocrx_word' id='word_1_231' title='bbox 678 1348 758 1378; x_wconf 89' lang='lat' dir='ltr'>mille</span> <span class='ocrx_word' id='word_1_232' title='bbox 782 1350 901 1379; x_wconf 88' lang='lat' dir='ltr'>talentis</span> <span class='ocrx_word' id='word_1_233' title='bbox 924 1359 943 1379; x_wconf 87' lang='lat' dir='ltr'>a</span> <span class='ocrx_word' id='word_1_234' title='bbox 958 1351 1056 1380; x_wconf 78' lang='lat' dir='ltr'>Dareo</span> <span class='ocrx_word' id='word_1_235' title='bbox 1073 1354 1103 1379; x_wconf 89' lang='lat' dir='ltr'>et</span> <span class='ocrx_word' id='word_1_236' title='bbox 1119 1358 1176 1386; x_wconf 83' lang='lat' dir='ltr'>spe</span> 
     </span>
    </p>

    <p class='ocr_par' dir='ltr' id='par_1_10' title="bbox 152 1389 1175 1512">
     <span class='ocr_line' id='line_1_30' title="bbox 152 1389 1175 1428; baseline 0.002 -10"><span class='ocrx_word' id='word_1_237' title='bbox 152 1395 167 1419; x_wconf 85' lang='lat'>5</span> <span class='ocrx_word' id='word_1_238' title='bbox 180 1389 352 1426; x_wconf 88' lang='lat' dir='ltr'>nuptiarum</span> <span class='ocrx_word' id='word_1_239' title='bbox 369 1390 485 1419; x_wconf 85' lang='lat' dir='ltr'>sororis</span> <span class='ocrx_word' id='word_1_240' title='bbox 502 1390 568 1419; x_wconf 84' lang='lat' dir='ltr'>eius</span> <span class='ocrx_word' id='word_1_241' title='bbox 586 1399 657 1420; x_wconf 84' lang='lat' dir='ltr'>esse</span> <span class='ocrx_word' id='word_1_242' title='bbox 674 1396 859 1428; x_wconf 86' lang='lat' dir='ltr'>corruptum.</span> <span class='ocrx_word' id='word_1_243' title='bbox 895 1393 1052 1428; x_wconf 83' lang='lat' dir='ltr'>Ingentem</span> <span class='ocrx_word' id='word_1_244' title='bbox 1074 1391 1175 1421; x_wconf 88' lang='lat' dir='ltr'>animo</span> 
     </span>
     <span class='ocr_line' id='line_1_31' title="bbox 176 1431 1172 1471; baseline 0.003 -11"><span class='ocrx_word' id='word_1_245' title='bbox 176 1431 414 1461; x_wconf 86' lang='lat' dir='ltr'>sollicitudinem</span> <span class='ocrx_word' id='word_1_246' title='bbox 431 1432 547 1462; x_wconf 86' lang='lat' dir='ltr'>litterae</span> <span class='ocrx_word' id='word_1_247' title='bbox 564 1433 773 1469; x_wconf 74' lang='lat' dir='ltr'>incusserant,</span> <span class='ocrx_word' id='word_1_248' title='bbox 801 1439 830 1463; x_wconf 85' lang='lat' dir='ltr'>et</span> <span class='ocrx_word' id='word_1_249' title='bbox 852 1434 1000 1471; x_wconf 79' lang='lat' dir='ltr'>quicquid</span> <span class='ocrx_word' id='word_1_250' title='bbox 1016 1433 1045 1462; x_wconf 89' lang='lat' dir='ltr'>in</span> <span class='ocrx_word' id='word_1_251' title='bbox 1062 1438 1172 1463; x_wconf 84' lang='lat' dir='ltr'>utram-</span> 
     </span>
     <span class='ocr_line' id='line_1_32' title="bbox 176 1475 1172 1512; baseline 0.003 -10"><span class='ocrx_word' id='word_1_252' title='bbox 176 1482 236 1510; x_wconf 87' lang='lat' dir='ltr'>que</span> <span class='ocrx_word' id='word_1_253' title='bbox 252 1478 368 1510; x_wconf 85' lang='lat' dir='ltr'>partem</span> <span class='ocrx_word' id='word_1_254' title='bbox 384 1478 435 1503; x_wconf 84' lang='lat' dir='ltr'>aut</span> <span class='ocrx_word' id='word_1_255' title='bbox 451 1479 548 1504; x_wconf 87' lang='lat' dir='ltr'>metus</span> <span class='ocrx_word' id='word_1_256' title='bbox 565 1479 617 1505; x_wconf 88' lang='lat' dir='ltr'>aut</span> <span class='ocrx_word' id='word_1_257' title='bbox 633 1484 706 1512; x_wconf 88' lang='lat' dir='ltr'>spes</span> <span class='ocrx_word' id='word_1_258' title='bbox 730 1475 917 1511; x_wconf 84' lang='lat' dir='ltr'>subiecerat,</span> <span class='ocrx_word' id='word_1_259' title='bbox 941 1480 1060 1505; x_wconf 84' lang='lat' dir='ltr'>secreta</span> <span class='ocrx_word' id='word_1_260' title='bbox 1083 1475 1172 1505; x_wconf 88' lang='lat' dir='ltr'>aesti-</span> 
     </span>
    </p>

    <p class='ocr_par' dir='ltr' id='par_1_11' title="bbox 150 1514 1176 1681">
     <span class='ocr_line' id='line_1_33' title="bbox 150 1514 1174 1554; baseline 0.002 -10"><span class='ocrx_word' id='word_1_261' title='bbox 150 1514 309 1545; x_wconf 81' lang='lat' dir='ltr'>Gmatione</span> <span class='ocrx_word' id='word_1_262' title='bbox 325 1516 485 1552; x_wconf 84' lang='lat' dir='ltr'>pensabat.</span> <span class='ocrx_word' id='word_1_263' title='bbox 522 1517 632 1547; x_wconf 78' lang='lat' dir='ltr'>Bibere</span> <span class='ocrx_word' id='word_1_264' title='bbox 639 1516 849 1554; x_wconf 80' lang='lat' dir='ltr'>perseverem?</span> <span class='ocrx_word' id='word_1_265' title='bbox 868 1522 906 1553; x_wconf 80' lang='lat' dir='ltr'>ut,</span> <span class='ocrx_word' id='word_1_266' title='bbox 925 1520 951 1547; x_wconf 81' lang='lat' dir='ltr'>si</span> <span class='ocrx_word' id='word_1_267' title='bbox 966 1526 1108 1548; x_wconf 82' lang='lat' dir='ltr'>venenum</span> <span class='ocrx_word' id='word_1_268' title='bbox 1120 1518 1174 1546; x_wconf 78' lang='lat' dir='ltr'>da-</span> 
     </span>
     <span class='ocr_line' id='line_1_34' title="bbox 174 1558 1176 1596; baseline 0.004 -10"><span class='ocrx_word' id='word_1_269' title='bbox 174 1561 234 1586; x_wconf 79' lang='lat' dir='ltr'>tum</span> <span class='ocrx_word' id='word_1_270' title='bbox 243 1558 346 1593; x_wconf 74' lang='lat' dir='ltr'>fuerit,</span> <span class='ocrx_word' id='word_1_271' title='bbox 366 1567 403 1587; x_wconf 74' lang='lat' dir='ltr'>ne</span> <span class='ocrx_word' id='word_1_272' title='bbox 420 1560 562 1588; x_wconf 75' lang='lat' dir='ltr'>immerito</span> <span class='ocrx_word' id='word_1_273' title='bbox 574 1560 699 1596; x_wconf 76' lang='lat' dir='ltr'>quidem,</span> <span class='ocrx_word' id='word_1_274' title='bbox 718 1560 860 1596; x_wconf 65' lang='lat' dir='ltr'>quicquid</span> <span class='ocrx_word' id='word_1_275' title='bbox 876 1560 1027 1595; x_wconf 74' lang='lat' dir='ltr'>acciderit,</span> <span class='ocrx_word' id='word_1_276' title='bbox 1047 1561 1176 1590; x_wconf 72' lang='lat' dir='ltr'>evenisse</span> 
     </span>
     <span class='ocr_line' id='line_1_35' title="bbox 173 1598 1174 1639; baseline 0.004 -11"><span class='ocrx_word' id='word_1_277' title='bbox 173 1598 332 1629; x_wconf 78' lang='lat' dir='ltr'>videatur?</span> <span class='ocrx_word' id='word_1_278' title='bbox 374 1601 518 1630; x_wconf 79' lang='lat' dir='ltr'>Damnem</span> <span class='ocrx_word' id='word_1_279' title='bbox 536 1602 644 1631; x_wconf 77' lang='lat' dir='ltr'>medici</span> <span class='ocrx_word' id='word_1_280' title='bbox 657 1601 769 1637; x_wconf 79' lang='lat' dir='ltr'>fidem?</span> <span class='ocrx_word' id='word_1_281' title='bbox 786 1604 815 1631; x_wconf 74' lang='lat' dir='ltr'>in</span> <span class='ocrx_word' id='word_1_282' title='bbox 834 1602 1025 1632; x_wconf 79' lang='lat' dir='ltr'>tabernaculo</span> <span class='ocrx_word' id='word_1_283' title='bbox 1041 1610 1112 1639; x_wconf 71' lang='lat' dir='ltr'>erqo</span> <span class='ocrx_word' id='word_1_284' title='bbox 1129 1610 1174 1631; x_wconf 82' lang='lat' dir='ltr'>me</span> 
     </span>
     <span class='ocr_line' id='line_1_36' title="bbox 174 1641 1175 1681; baseline 0.002 -11"><span class='ocrx_word' id='word_1_285' title='bbox 174 1643 304 1678; x_wconf 76' lang='lat' dir='ltr'>opprimi</span> <span class='ocrx_word' id='word_1_286' title='bbox 310 1641 437 1679; x_wconf 79' lang='lat' dir='ltr'>patiar?</span> <span class='ocrx_word' id='word_1_287' title='bbox 468 1643 506 1672; x_wconf 81' lang='lat' dir='ltr'>A!</span> <span class='ocrx_word' id='word_1_288' title='bbox 515 1645 608 1672; x_wconf 79' lang='lat' dir='ltr'>satius</span> <span class='ocrx_word' id='word_1_289' title='bbox 619 1647 668 1678; x_wconf 78' lang='lat' dir='ltr'>est,</span> <span class='ocrx_word' id='word_1_290' title='bbox 681 1645 778 1673; x_wconf 77' lang='lat' dir='ltr'>alieno</span> <span class='ocrx_word' id='word_1_291' title='bbox 795 1652 840 1673; x_wconf 85' lang='lat' dir='ltr'>me</span> <span class='ocrx_word' id='word_1_292' title='bbox 857 1646 934 1674; x_wconf 79' lang='lat' dir='ltr'>mori</span> <span class='ocrx_word' id='word_1_293' title='bbox 948 1646 1066 1679; x_wconf 86' lang='lat' dir='ltr'>scelere,</span> <span class='ocrx_word' id='word_1_294' title='bbox 1085 1652 1175 1681; x_wconf 77' lang='lat' dir='ltr'>quam</span> 
     </span>
    </p>

    <p class='ocr_par' dir='ltr' id='par_1_12' title="bbox 151 1683 1172 1724">
     <span class='ocr_line' id='line_1_37' title="bbox 151 1683 1172 1724; baseline 0.003 -12"><span class='ocrx_word' id='word_1_295' title='bbox 151 1685 252 1713; x_wconf 78' lang='lat' dir='ltr'>7melu</span> <span class='ocrx_word' id='word_1_296' title='bbox 273 1687 379 1713; x_wconf 77' lang='lat' dir='ltr'>nostro.</span> <span class='ocrx_word' id='word_1_297' title='bbox 424 1683 481 1713; x_wconf 89' lang='lat' dir='ltr'>Diu</span> <span class='ocrx_word' id='word_1_298' title='bbox 497 1684 598 1714; x_wconf 87' lang='lat' dir='ltr'>animo</span> <span class='ocrx_word' id='word_1_299' title='bbox 622 1684 652 1714; x_wconf 91' lang='lat' dir='ltr'>in</span> <span class='ocrx_word' id='word_1_300' title='bbox 668 1685 792 1715; x_wconf 75' lang='lat' dir='ltr'>dIversa</span> <span class='ocrx_word' id='word_1_301' title='bbox 815 1690 953 1722; x_wconf 83' lang='lat' dir='ltr'>versato,</span> <span class='ocrx_word' id='word_1_302' title='bbox 981 1685 1070 1722; x_wconf 85' lang='lat' dir='ltr'>nulli,</span> <span class='ocrx_word' id='word_1_303' title='bbox 1099 1684 1172 1724; x_wconf 90' lang='lat' dir='ltr'>quid</span> 
     </span>
    </p>
   </div>
  </div>
 </body>
</html>
