1215 1905
117 63 178 94 134
458 64 492 99 Q.
514 63 669 93 CURTll
691 64 799 94 RUFI

114 148 160 169 me
173 139 364 175 deferebatur
375 147 395 168 a
401 147 511 175 puero,
535 140 654 175 quinon
666 143 777 176 testem,
802 148 860 169 non
872 141 985 176 piynus
997 141 1103 170 indicii

114 181 253 211 exhibere
262 184 385 217 poterat,
402 182 574 216 impleturus
587 189 685 210 omnes
697 185 782 217 metu,
796 184 824 210 si
836 183 975 218 coepisset
989 182 1099 211 audiri.

115 223 262 251 Amatoris
279 225 308 250 et
325 223 416 251 scorti
428 223 524 257 iurqio
536 223 682 259 interponi
693 231 781 252 aures
796 231 876 252 meas
886 223 1004 252 credidi
1016 224 1099 259 infe-
1109 228 1140 254 16

114 265 159 293 lim
172 267 200 293 et
216 264 304 298 fidem
315 264 377 293 eius
400 266 563 299 suspectam
583 264 685 300 habui,
711 265 791 300 quod
808 272 865 293 non
883 265 945 300 ipse
962 264 1101 301 deferret,

114 306 168 335 sed
176 305 305 341 fratrem
312 306 410 342 potius
423 305 604 334 subornaret.
630 306 738 341 Timui,
751 314 786 335 ne
796 309 931 341 neqaret,
942 307 1099 336 mandasse
1109 310 1138 336 17

115 355 177 376 sese
200 347 350 382 Cebalino,
372 350 400 375 et
415 355 468 382 eqo
489 347 605 376 viderer
625 348 720 376 multis
736 348 895 376 amicorum
913 348 992 383 reyis
1002 347 1098 383 fuisse

113 389 243 426 periculi
252 396 354 417 causa.
387 387 438 417 Sic
449 395 569 424 quoque,
582 397 669 425 quum
681 390 815 418 laeserim
830 390 979 424 neminem,
994 390 1098 425 inveni,
1108 393 1139 419 18
1166 385 1171 389 ’
1212 405 1215 415 ι

115 431 282 467 quimallet‚
293 431 393 466 perire
402 437 455 465 me,
468 438 556 466 quam
569 431 738 460 incolumem
752 439 829 460 esse:
846 431 919 466 quid
928 432 1099 460 inimicitia-

115 480 181 500 rum
191 472 310 501 creditis
319 475 510 508 excepturum
521 471 629 507 fuisse,
644 473 671 500 si
683 473 808 501 insontes
819 473 997 502 lacessissent
1005 471 1021 501 ?
1062 472 1098 501 At
1109 476 1139 502 19

115 515 191 542 enim
207 514 331 542 Dimnus
347 522 378 542 se
396 512 519 542 occidit!
537 513 614 542 Num
626 515 715 549 iyitur
725 514 877 548 facturum
889 522 954 542 eum
966 514 1100 543 divinare

112 554 218 592 potui?
233 555 364 584 Minime.
405 555 469 589 Ita,
490 555 570 591 quod
578 557 669 584 solum
680 556 788 584 indicio
797 556 885 590 fidem
894 555 982 591 fecit,
1000 556 1033 584 id
1045 563 1098 590 me,

117 605 204 633 quum
221 605 240 625 a
253 596 387 626 Cebalino
400 597 602 633 interpellatus
615 605 686 630 sum,
701 605 813 626 movere
826 605 883 625 non
893 601 1018 633 poterat.

196 637 263 673 (39)
284 639 322 667 At
341 638 474 672 hercule,
497 639 524 666 si
540 639 672 667 conscius
682 638 786 667 Dimno
804 640 877 667 tanti
888 639 1007 667 sceleris
1017 638 1138 674 fuis—20

115 688 182 715 sem,
196 680 283 709 biduo
289 681 347 714 illo,
355 680 488 716 proditos
495 687 555 708 esse
563 687 622 715 nos,
636 680 820 709 dissimulare
826 687 884 708 non
894 680 996 709 debui:
1010 680 1103 709 Ceba-

117 723 194 750 linus
206 723 268 758 ipse
282 723 344 751 tolli
354 722 390 750 de
406 721 499 749 medio
511 723 646 757 nulloque
659 723 770 758 neqotz’o
778 723 880 758 potuit.
898 722 1029 758 Denique
1035 725 1139 758 post2l

117 763 246 792 delatum
259 763 406 797 indicium,
420 771 476 799 quo
483 764 635 799 periturus
648 771 744 798 eram,
758 763 920 792 cubiculum
935 765 1014 799 repis
1023 764 1100 792 solus

117 806 232 840 intravi,
245 805 332 841 ferro
347 805 463 841 quidem
479 806 598 833 cinctus.
623 805 682 833 Cur
696 805 797 834 distuli
806 803 951 840 facinus?
976 804 1022 833 An
1037 806 1100 833 sine

116 847 220 876 Dimno
243 855 300 875 non
323 854 385 875 sum
408 844 518 875 ausus?
550 846 608 875 Ille
626 848 714 882 iyitur
731 848 871 883 princeps
892 847 1099 875 coniurationis
1107 849 1140 874 22

114 887 193 924 fuit!
218 889 270 917 sub
282 889 360 917 illius
371 888 474 916 umbra
486 888 616 916 Philotas
629 888 768 923 latebam,
790 889 841 924 qui
857 896 980 923 reanum
995 888 1101 916 Mace-

116 930 223 959 danum
244 928 367 965 affecto!
389 930 498 965 Ecquis
516 938 532 958 e
550 930 625 958 vobis
648 933 801 966 corruptus
823 932 864 957 est
887 928 990 957 donis?
1017 936 1099 964 quem

117 972 228 1007 ducem,
244 979 326 1007 quem
333 971 521 1007 praefectum
533 972 690 1007 impensius
701 968 798 999 colui?
828 970 904 999 Mihi
918 970 1033 1006 quidem
1047 970 1100 998 ob-

117 1014 228 1048 iicitur,
241 1013 319 1049 quod
329 1014 491 1041 societatem
502 1014 597 1048 patrii
605 1013 747 1043 sermonis
758 1020 915 1048 asperner,
933 1012 1012 1047 quod
1025 1011 1098 1040 Ma-

118 1055 257 1085 cea5num
269 1062 362 1083 mores
371 1054 537 1090 fastidiam.
568 1053 618 1083 Sic
629 1062 699 1089 erqo
713 1054 848 1090 imperio,
861 1053 939 1089 quod
950 1053 1101 1088 dediynor,

116 1094 268 1125 immineo!
290 1096 356 1125 Iam
366 1096 483 1132 pridem
498 1097 612 1124 nativus
623 1097 671 1124 ille
684 1103 777 1125 sermo
790 1096 959 1124 commercio
971 1095 1099 1123 aliarum
1107 1097 1141 1123 23

113 1139 243 1174 ,dentium
255 1139 394 1167 exolevit:
413 1141 471 1166 tam
485 1138 656 1171 victoribus,
676 1144 764 1173 quam
778 1137 858 1165 victis
864 1136 1027 1172 perecrina
1039 1136 1100 1164 lin-

113 1187 175 1215 qua
199 1180 340 1209 discenda
362 1184 412 1208 est.
445 1180 507 1207 Non
532 1179 695 1208 mehercule
709 1180 770 1207 ista
788 1186 833 1206 me
854 1179 948 1213 mayis
971 1177 1141 1211 laedunt,24

117 1229 205 1257 quam
224 1221 302 1257 quod
312 1221 465 1257 Amyntas,
493 1220 654 1249 Perdiccae
675 1221 772 1255 filius,
792 1219 947 1248 insidiatus
963 1222 1005 1247 est
1018 1220 1099 1254 reyi:

117 1271 182 1291 cum
196 1270 252 1298 quo
263 1263 341 1298 quod
353 1263 482 1291 amicitia
492 1261 587 1296 suerit
599 1261 682 1295 mihi,
699 1269 756 1289 non
765 1261 872 1290 ‘recuso
886 1260 1062 1295 defendere,
1075 1261 1102 1288 si

115 1304 243 1338 fratrem
268 1305 346 1339 reglis
369 1311 425 1332 non
449 1304 575 1340 oportuit
596 1303 680 1338 diliyi
707 1310 726 1330 a
743 1303 831 1331 nobis.
872 1301 925 1329 Sin
950 1304 1045 1330 autem
1071 1303 1140 1329 in25

117 1347 168 1374 illo
185 1345 326 1380 fortunae
346 1345 447 1381 yradu
471 1346 595 1381 positum
612 1345 699 1373 etiam
722 1345 860 1372 venerari
884 1351 1000 1372 necesse
1025 1346 1098 1376 erat,

117 1390 228 1422 utrum,
250 1395 370 1422 quaeso,
392 1387 471 1422 quod
480 1394 537 1415 non
550 1386 692 1420 divinavi,
711 1393 779 1414 reus
792 1393 869 1419 sum,
887 1393 927 1413 an
946 1385 1100 1420 impiorum

117 1429 219 1457 amicis
237 1429 393 1457 insontibus
417 1436 528 1464 quoque
551 1427 732 1456 moriendum
749 1425 812 1456 est?
836 1426 920 1460 Quod
937 1427 963 1454 si
978 1433 1102 1461 aequum

117 1474 166 1505 est,
179 1479 234 1499 cur
249 1470 359 1498 tamdiu
374 1468 457 1498 vivo?
479 1471 505 1498 si
516 1471 665 1502 iniustum,
680 1477 735 1497 cur
745 1476 824 1497 nunc
835 1468 949 1496 demum
961 1465 1100 1496 occidor?

117 1511 154 1540 Αί
172 1513 247 1540 enim
265 1513 384 1547 scripsi,
401 1512 536 1540 misereri
554 1519 599 1539 me
616 1518 729 1545 corum,
748 1510 850 1545 quibus
866 1509 1017 1538 vivendum
1028 1511 1140 1537 esset2o

117 1553 168 1581 sub
179 1561 219 1588 eo,
233 1554 284 1589 qui
293 1561 323 1581 se
333 1553 409 1581 Iovis
418 1554 511 1587 silium
522 1553 664 1581 crederet.
686 1552 777 1581 Fides
788 1552 941 1585 amicitiae,
955 1551 1017 1578 veri
1026 1557 1100 1578 con—

116 1595 177 1623 silii
187 1595 354 1630 periculosa
368 1595 502 1629 libertas,
516 1602 563 1623 vos
578 1602 623 1623 me
635 1591 807 1629 decepistis!
829 1600 890 1626 vos,
903 1599 978 1627 quae
989 1592 1098 1620 sentie—

117 1636 197 1671 bam,
220 1644 256 1664 ne
275 1638 440 1672 reticerem,
466 1634 636 1672 impulistis!
675 1635 832 1670 Scripsisse
852 1642 896 1662 me
915 1633 988 1661 haec
999 1632 1135 1668 fateor27

117 1679 194 1713 reqi,
217 1685 274 1706 non
296 1678 331 1706 de
345 1686 414 1713 rece
427 1678 587 1714 scripsisse.
623 1676 686 1705 Non
700 1678 774 1705 enim
784 1675 933 1711 faciebam
949 1674 1097 1710 invidiam,
