1215 1905
118 109 178 140 188
455 110 487 146 Q.
512 110 667 139 cuam
688 111 797 140 Rom

117 184 169 221 qui
190 185 416 222 professionem
439 185 634 214 honestarum
656 185 763 215 artium
789 185 875 215 malis
902 191 1099 225 corruperant

113 225 260 255 moribus.
301 225 378 262 Agis
401 226 524 263 quidam
544 228 693 263 Argivus,
718 227 921 264 pessimorum
935 228 1126 258 carminum&

116 266 366 303 postChoerilum
380 268 527 304 conditor,
544 272 572 297 et
586 276 624 297 ex
637 268 740 297 Sicilia
748 269 817 298 Cleo
825 269 888 305 (hic
901 269 1022 306 quidem
1037 278 1097 299 non

115 308 226 345 ingenii
242 309 354 345 solum,
378 310 435 339 sed
450 309 539 338 etiam
555 309 685 339 nationis
702 310 772 339 vitio
789 311 939 345 adulator)
957 315 987 340 et
999 314 1097 340 cetera

114 350 232 379 urbium
249 358 371 380 suarum
386 356 595 388 purgamenta,
612 359 690 388 quae
704 351 885 388 propinquis
902 352 991 381 etiam
1005 351 1098 381 maxi>

115 400 293 428 morumque
309 393 496 422 exercituum
516 393 644 422 ducibus
660 401 678 422 a
697 401 770 430 rege
786 394 1041 430 praeferebantur,
1057 409 1098 414 —

113 433 143 461 hi
171 438 233 462 tum
261 435 379 463 coelum
407 434 448 463 illi
470 434 647 470 aperiebant
671 435 895 471 Herculemque
923 439 953 465 et
981 435 1098 465 Patrem

113 474 254 504 Liberum
269 479 380 505 etcum
395 476 518 505 Polluce
540 476 693 506 Castorem
714 484 795 506 novo
817 476 931 506 numini
953 485 1098 506 cessuros

114 524 185 545 esse
200 516 360 547 iactabant.

195 557 262 594 (18)
284 559 376 595 Igitur
392 561 469 589 festo
486 559 535 589 die
551 559 632 589 omni
649 560 803 596 opulentia
818 559 991 589 convivium
1007 567 1095 588 exor—
1108 563 1124 589 9

112 598 176 628 nari
191 598 288 635 iubet,
306 600 354 630 cui
370 609 430 630 non
445 601 630 630 Macedones
645 601 736 630 modo
753 606 782 641 et
797 600 918 637 Graeci,
940 600 1096 638 principes

113 640 287 677 amicorum,
303 642 360 671 sed
375 643 464 672 etiam
480 642 621 678 [barbari]
637 642 756 672 nobiles
771 642 995 672 adhiberentur.
1024 642 1097 672 Cum

113 682 224 718 quibus
243 691 335 719 quum
350 684 559 714 discubuisset
573 693 642 719 rex,
665 684 822 721 paulisper
837 685 978 721 epulatus
993 685 1096 713 convi—

113 723 161 752 vio
178 724 339 760 egreditur.
384 725 470 762 Cleo,
494 725 572 755 sicut
593 730 805 762 praeparatum
823 730 901 762 erat,
928 733 1098 756 sermonem
1107 730 1139 755 10

112 773 179 794 cuni
194 766 393 796 admiratione
409 768 531 797 laudum
548 767 613 797 eius
625 767 761 797 instituit.
783 767 891 798 Merita
903 767 1012 797 deinde
1028 775 1096 804 per-

111 807 242 842 censuit,
260 808 371 844 quibus
387 818 447 838 uno
464 809 555 838 modo
572 809 677 838 referri
692 808 817 845 gratiam
833 817 936 845 posse,
953 808 988 844 si,
1006 817 1096 845 quem

110 847 311 886 intelligerent
323 850 413 880 deum
421 859 501 886 esse,
511 851 735 885 confiterentur,
748 850 858 886 exigua
871 850 944 880 turis
957 850 1097 887 impensa

111 893 192 919 tanta
214 891 363 921 beneficia
381 892 546 928 pensaturi.
582 893 691 922 Persas
708 891 830 928 quidem
846 900 906 921 non
922 891 971 928 pie
987 892 1135 928 solum‚ll

110 932 165 960 sed
187 932 276 961 etiam
299 934 462 970 prudenter
482 942 572 970 reges
594 942 668 963 suos
690 933 767 963 inter
792 933 869 963 deos
891 934 1008 963 colere:
1034 941 1094 962 ma-

109 973 246 1003 iestatem
267 974 347 1004 enim
370 975 487 1012 imperii
509 974 615 1004 salutis
632 983 702 1004 esse
723 976 855 1004 tutelam.
878 975 921 1003 Ne
936 975 1096 1004 Herculem

110 1014 231 1051 quidem
248 1020 277 1045 et
291 1017 407 1046 Patrem
423 1017 563 1046 Liberum
586 1016 670 1053 prius
692 1016 810 1045 dicatos
832 1016 924 1050 deos,
947 1024 1037 1052 quam
1052 1015 1096 1044 vi-

109 1056 224 1086 cissent
247 1066 351 1087 secum
382 1058 547 1087 viventium
572 1058 736 1087 invidiamz
767 1058 940 1087 tantundem
971 1065 1096 1094 quoquc

110 1102 252 1133 posteros
270 1100 410 1135 credere,
433 1104 578 1136 quantum
594 1107 742 1136 praesens
765 1103 848 1128 aetas
864 1098 1094 1136 spopondisset.

109 1139 225 1174 Quodsi
239 1141 332 1170 ceteri
345 1141 490 1177 dubitent,
507 1141 713 1177 semetipsum,
732 1149 825 1177 quum
836 1149 892 1170 rex
905 1140 1012 1170 inisset
1024 1145 1136 1170 con-12

108 1180 235 1217 vivium,
259 1187 480 1219 prostraturum
502 1183 584 1212 humi
599 1191 722 1219 corpus.
765 1183 882 1211 Debere
898 1182 977 1211 idem
994 1183 1094 1211 lacere

108 1226 236 1259 ceteros,
254 1229 284 1254 et
298 1224 436 1261 inprimis
452 1224 601 1261 sapientia
617 1224 788 1260 praeditos:
805 1224 842 1253 ab
862 1223 920 1252 illis
936 1223 1016 1253 enini
1031 1224 1093 1252 cul·

108 1268 155 1293 tus
171 1264 201 1293 in
216 1274 319 1302 regem
335 1267 507 1302 exemplum
524 1273 594 1295 esse
611 1266 810 1302 prodendum.
844 1266 932 1294 Haud
947 1265 1134 1302 perplexel3

108 1305 137 1333 in
148 1305 349 1336 Callisthenen
362 1308 548 1344 dirigebatur
558 1307 663 1336 oratio.
687 1307 825 1336 Gravitas
840 1307 895 1335 viri
908 1310 937 1335 et
952 1311 1093 1342 prompta

107 1347 230 1377 libertas
247 1349 346 1379 invisa
361 1354 424 1378 erat
438 1349 518 1385 regi,
541 1348 629 1385 quasi
652 1349 737 1377 solus
760 1348 944 1377 Maced6nas
968 1352 1090 1384 paratos

106 1389 146 1417 ad
161 1390 219 1418 tale
235 1391 416 1427 obsequium
432 1394 608 1419 moraretur.

190 1431 257 1468 (19)
279 1432 307 1461 Is
330 1437 406 1466 tum,
430 1432 549 1461 silentio
573 1433 668 1467 sacto,
690 1439 781 1460 unum
803 1430 885 1459 illum
906 1429 1091 1459 intuentibus
1101 1435 1132 1459 14

107 1472 226 1507 ceteris,
242 1474 276 1502 Si
285 1483 349 1508 rex,
366 1473 470 1509 inquit,
485 1475 614 1502 sermoni
623 1477 670 1502 tuo
681 1473 822 1508 affuisset,
838 1473 947 1501 nullius
952 1472 1091 1508 profecto

106 1524 163 1544 voa:
177 1517 350 1552 responsuri
364 1516 415 1544 tibi
431 1516 667 1544 desideraretur:
691 1516 753 1551 ipse
769 1516 845 1543 em'm
860 1516 984 1550 peteret,
1006 1522 1043 1542 ne
1060 1515 1090 1542 in

103 1558 276 1593 pereyrz'nos
289 1560 481 1592 externosque
490 1558 565 1585 ritus
576 1557 757 1592 aeqenerare
768 1564 798 1585 se
809 1563 927 1591 cogeres
937 1563 994 1584 neu
1004 1555 1089 1583 rebus

102 1598 272 1633 felicissime
287 1600 375 1634 qestz‘s
392 1599 533 1627 invidiam
551 1599 605 1627 tali
615 1598 785 1626 adulatione
795 1597 991 1626 contraheres.
1032 1595 1091 1624 Sed
1101 1599 1130 1624 15

105 1640 241 1676 quoniam
253 1640 345 1674 abest,
365 1648 418 1676 eqo
429 1640 480 1668 tibi
490 1647 547 1676 pro
559 1641 607 1668 illo
618 1640 795 1675 respondeo,
818 1640 929 1667 nullum
940 1645 1002 1666 esse
1012 1645 1088 1665 eun-

105 1681 171 1710 dem
182 1684 210 1710 et
220 1681 388 1710 diuturnum
399 1684 428 1710 et
434 1689 608 1717 praecocem
621 1681 754 1716 fructum
768 1681 957 1715 coelestesque
965 1679 1089 1707 honores

106 1730 163 1751 non
176 1723 249 1751 dare
266 1726 292 1751 le
303 1723 380 1758 reyi,
403 1723 458 1751 sed
466 1722 599 1757 auferre.
641 1722 801 1751 Intervallo
811 1722 888 1750 enim
899 1728 972 1756 opus
985 1723 1040 1754 est,
1058 1723 1090 1748 ue
