1215 1895
151 144 193 174 36
494 145 526 178 Q.
554 142 713 171 CURTII
733 141 842 172 RUFI

150 223 181 248 et
197 227 288 255 quum
304 225 443 254 magnam
458 216 518 245 vim
534 216 615 246 venti
629 217 698 246 vela
714 225 838 254 quoque
851 218 1074 255 concepissent,
1091 227 1141 249 ce-

149 259 251 289 leriter
267 259 305 288 ad
321 259 430 288 molem
446 258 610 288 successit:
626 262 688 288 tum
702 267 794 295 prora
809 259 875 289 eius
890 267 1031 296 aceensa,
1053 260 1142 290 remi·
1153 265 1169 291 3

150 309 205 337 ges
221 300 374 329 desiluere
389 299 417 328 in
435 300 582 336 scaphas,
604 308 683 336 quae
699 301 737 329 ad
752 300 811 330 hoe
826 300 927 337 ipsum
943 306 1141 338 praeparatae

150 343 366 379 sequebantur.
400 341 493 371 Navis
507 345 616 377 autem,
642 341 712 378 igne
727 346 886 379 concepto,
908 342 997 372 latius
1015 343 1140 372 fundere

149 382 324 413 incendium
341 382 450 419 coepit,
467 383 559 419 quod,
574 382 754 420 priusquam
769 388 878 420 posset
893 384 1021 420 occurri,
1042 388 1141 414 turres

150 430 180 455 et
194 429 294 454 cetera
311 432 405 461 opera
420 424 449 453 in
472 423 572 460 capite
592 424 680 454 molis
702 424 803 461 posita
824 425 1062 462 comprehendit.
1102 427 1170 456 ΑΗ

151 466 203 503 qui
219 466 405 496 desiluerant
420 465 449 494 in
466 474 561 502 parva
576 465 711 502 navigia,
728 467 811 496 faces
828 471 858 497 et
873 466 1019 504 quicquid
1030 467 1140 497 alendo
1172 499 1186 508 x

149 508 211 544 igni
232 513 334 544 aptum
357 511 420 537 erat
447 507 474 536 in
498 507 604 536 eadem
626 516 722 544 opera
742 507 891 544 ingerunt.
939 508 1064 544 Iamque
1079 516 1141 538 non

150 550 241 579 medo
257 549 457 578 Maceddnum
472 552 586 584 turres,
609 549 664 578 sed
683 549 772 578 etiam
789 558 906 579 summa
923 550 1053 579 tabulata
1069 558 1140 579 con-

150 595 296 628 ceperant
310 590 424 627 ignem:
453 599 545 627 quum
567 590 612 625 hi,
640 590 691 627 qui
713 590 742 619 in
760 591 891 621 turribus
907 595 1006 627 erant,
1033 591 1141 628 partim

149 632 341 662 haurirentur
356 632 513 668 incendio,
535 631 658 668 partim,
680 632 771 661 armis
788 632 927 668 omissis,
948 632 977 661 in
994 641 1077 662 mare
1093 640 1140 662 se-

149 679 210 703 met
224 674 283 710 ipsi
299 673 500 703 immitterent.
536 674 576 702 At
590 672 686 711 Tyrii,
711 673 762 710 qui
779 681 888 710 capere
906 682 962 703 eos
984 683 1074 711 quam
1096 673 1168 708 in-f,

150 715 288 745 terficere
304 716 442 752 mallent,
464 714 629 744 natantium
644 723 751 744 manus
767 714 920 751 stipitibus
936 715 1083 752 saxisque
1097 716 1141 744 la-

150 757 302 791 cerabant,
328 758 427 786 donee
443 756 588 786 debilitati
603 756 726 793 impune
741 756 871 793 navigiis
886 757 986 793 excipi
1001 761 1139 794 possent.

149 798 212 828 Nec
227 798 368 828 incendio
392 799 491 828 solum
516 806 611 834 opera
634 802 824 834 consumpta,
854 798 910 827 sed
931 798 1007 827 sorte
1030 798 1168 833 eodem5

151 840 200 869 die
215 839 424 869 vehementior
439 844 547 868 ventus
564 843 657 868 totum
674 848 711 868 ex
727 839 882 876 profundo
903 847 985 868 mare
1006 839 1089 869 illisit
1110 839 1140 868 in

150 882 276 917 molem,
301 880 479 918 crebrisque
501 880 643 910 fluctibus
661 888 826 917 compages
842 880 946 917 operis
962 881 1140 910 verberatae

152 932 185 953 se
207 924 365 957 laxavere,
394 931 532 959 saxaque
553 921 731 952 interfluens
753 922 834 951 unda
850 922 982 951 medium
997 931 1076 959 opus
1091 930 1140 951 ru-

153 965 203 1003 pit.
239 964 374 994 Prorutis
390 964 480 1001 igitur
495 963 628 1000 lapidum
644 963 788 999 cumulis,
812 963 922 1000 quibus
938 963 1048 993 iniecta
1062 968 1141 994 terra
1154 973 1167 999 7

152 1006 366 1041 sustinebatur,
384 1013 534 1042 praeceps
549 1005 579 1034 in
592 1006 777 1042 profundum
791 1005 858 1040 ruit,
875 1010 1038 1042 tantaeque
1053 1004 1141 1034 molis

154 1048 205 1077 vix
219 1048 281 1077 ulla
296 1046 426 1084 vestigia
441 1047 555 1077 invenit
570 1047 682 1076 Arabia
696 1046 819 1076 rediens
834 1047 1018 1076 Alexander.

233 1089 300 1125 (13)
322 1089 394 1125 Hic,
416 1089 499 1126 quod
515 1088 543 1117 in
560 1088 699 1118 adversis
715 1089 807 1117 rebus
823 1088 901 1117 solet
916 1088 995 1124 fieri,
1017 1087 1095 1117 alius
1111 1087 1141 1117 in

152 1131 244 1160 alium
259 1132 379 1168 culpam
394 1131 579 1165 referebant,
604 1139 697 1166 quum
718 1137 824 1159 omnes
846 1129 946 1159 verius
962 1130 1000 1158 de
1015 1128 1144 1159 saevitia

153 1172 243 1202 maris
261 1172 346 1209 queri
363 1177 500 1209 possent.
535 1173 602 1201 Rex
618 1171 688 1201 novi
705 1170 806 1208 operis
823 1171 933 1201 molem
945 1179 1035 1200 orsus
1048 1170 1077 1200 in
1090 1170 1142 1200 ad·
1154 1177 1172 1204 8

152 1223 275 1244 versum
297 1219 421 1243 ventum
443 1222 503 1243 non
528 1214 638 1248 latere,
665 1213 720 1243 sed
741 1216 825 1242 reeta
840 1213 938 1242 fronte
954 1211 1078 1241 direxit:
1105 1219 1143 1241 ea

154 1261 255 1285 cetera
271 1264 373 1292 opera,
390 1255 473 1284 velut
489 1255 545 1284 sub
560 1254 629 1291 ipsa
641 1253 772 1289 latentia,
785 1254 938 1283 tuebatur:
955 1253 1142 1283 latitudinem

155 1305 280 1334 quoque
294 1297 397 1334 aggeri
414 1296 538 1332 adiecit,
564 1300 596 1325 ut
616 1299 714 1325 turres
733 1295 762 1324 in
778 1294 878 1324 medio
901 1295 1051 1324 excitatae
1072 1302 1142 1332 pro-

154 1340 203 1368 cul
218 1339 268 1369 teli
285 1339 365 1368 iactu
380 1338 533 1368 abessent.
577 1338 668 1367 Totas
684 1341 784 1367 autem
799 1337 925 1366 arbores
948 1345 1016 1366 cum
1037 1336 1142 1373 ingen·
1154 1343 1170 1370 9

154 1381 234 1410 tibus
250 1380 341 1410 ramis
363 1379 393 1409 in
416 1381 507 1409 altum
532 1379 698 1414 iaciebant,
727 1378 839 1408 deinde
866 1377 949 1407 saxis
976 1378 1144 1408 onerabant
1178 1391 1180 1409 τ

124 1425 126 1428 “
153 1430 325 1459 rursusque
351 1422 470 1451 cumulo
492 1429 596 1450 eorum
619 1420 694 1450 allas
715 1420 840 1449 arbores
866 1419 1054 1449 iniiciebant:
1081 1423 1143 1449 tum
1177 1423 1179 1455 ,¹

154 1464 265 1493 humus
283 1464 497 1500 aggerebatur,
525 1470 680 1499 superque
702 1461 760 1490 alia
785 1466 867 1491 strue
891 1469 1034 1491 saxorum
1054 1461 1143 1490 arbo-

151 1514 284 1542 rumque
299 1505 448 1534 cumulata
464 1505 547 1533 velut
563 1504 695 1540 quodam
715 1512 796 1533 nexu
811 1503 970 1533 continens
986 1511 1065 1539 opus
1077 1501 1142 1532 iun-

154 1551 273 1577 xerunt.

238 1588 300 1618 Nee
316 1587 414 1626 Tyrii,
436 1587 582 1624 quicquid
597 1587 636 1616 ad
655 1586 880 1623 impediendam
894 1587 1004 1615 molem
1020 1584 1142 1622 excogi-

155 1628 211 1660 tari
227 1633 354 1667 poterat,
372 1629 505 1666 segniter
520 1628 758 1665 exequebantur.
784 1626 980 1664 Praecipuum
996 1625 1141 1656 auxilium
1152 1629 1169 1655 1‹
1210 1644 1214 1669 l

156 1675 235 1708 erat,
262 1671 314 1708 qui
335 1672 441 1707 procul
457 1671 589 1702 hostium
605 1673 773 1706 conspectu
797 1668 938 1698 subibant
958 1676 1070 1705 aquam
1092 1676 1141 1697 oc-

157 1714 300 1750 cultoque
316 1713 406 1750 lapsu
421 1713 459 1742 ad
474 1713 583 1742 molem
598 1719 698 1748 usque
713 1710 921 1748 penetrabant,
937 1709 1066 1740 falcibus
1079 1710 1141 1746 pal-

157 1754 245 1784 mites
261 1754 404 1784 arborum
419 1753 612 1784 eminentium
629 1753 667 1783 ad
681 1761 716 1783 se
731 1753 899 1783 trahentes:
927 1760 1006 1789 quae
1027 1750 1079 1782 ubi
1094 1758 1142 1780 se—
