1215 1905
139 103 210 132 LIB.
223 102 272 131 ῙΧ.
295 102 377 132 CAP.
391 102 468 137 VIII,
485 107 563 132 10—-
575 102 656 132 CAP.
671 103 719 135 lx,
736 108 759 132 1.
777 111 824 142 ux,
836 114 921 135 :ii—³⁴.
939 115 977 137 2.]
1012 104 1074 136 237

40 184 72 209 21
83 179 168 208 leves
184 179 292 215 plagae
308 177 493 207 insanabiles
509 182 622 207 essent.
666 178 791 207 Barbari
813 183 913 208 autem
929 187 1072 216 sperave-

84 224 160 255 rant,
176 220 327 249 incautum
344 224 373 249 ct
387 219 577 249 temerarium
593 228 695 256 regem
709 220 810 257 excipi
822 229 927 257 posse.
948 221 984 250 Et
996 222 1072 250 forte

39 261 158 291 winter
175 260 420 298 promptissimos
442 260 590 290 dimicans
613 261 741 290 intactus
764 266 913 291 evaserat.
956 262 1071 292 Praeci—

83 311 144 340 pue
158 303 349 332 Ptolemaeus
362 304 449 332 laevo
465 302 590 332 humero
607 303 714 332 leviter
729 303 851 339 quidem
867 304 999 339 saucius,
1017 304 1073 333 sed

82 344 197 374 maiore
211 345 345 380 periculo
359 352 450 381 quam
463 345 588 374 vulnere
601 344 730 374 affectus
742 346 822 381 regis
838 345 1072 375 sollicitudinem

82 386 111 415 in
129 394 162 415 se
179 390 378 416 converterat.
422 386 575 423 Sanguine
598 386 778 416 coniunctus
803 391 881 422 erat,
904 392 933 416 et
949 387 1072 424 quidam

82 427 221 464 Philippo
238 428 370 464 genitum
386 435 456 457 esse
473 428 646 461 credebant,
665 433 746 457 certe
761 429 870 465 pellice
887 429 953 458 eius
973 434 1071 458 ortum

39 470 249 499 23c0nstabat.
291 470 373 498 Idem
396 469 534 506 corporis
556 474 660 499 custos
684 470 993 507 promptissimusque
1009 471 1071 500 bel-

83 512 158 540 lator
173 515 202 540 et
218 511 302 547 pacis
318 511 431 540 artibus
450 520 540 547 quam
555 511 677 541 militiae
693 511 789 541 maior
811 515 840 540 et
862 512 985 547 clarior,
1007 521 1070 541 mos

83 553 151 582 dico
169 552 311 589 civilique
329 554 418 588 cultu,
435 553 566 582 liberalis
583 553 610 582 in
627 553 733 590 primis
750 553 894 590 adituque
911 554 1006 586 facili,
1028 553 1070 582 ni-

39 594 120 625 24hil
137 603 175 623 ex
192 595 271 623 fastu
287 595 389 631 regiae
405 600 623 631 assumpserat.
668 594 712 624 Ob
733 595 808 624 haec
830 595 894 631 regi
915 603 953 624 an
971 604 1070 632 popu-

82 636 197 666 larIbus
214 635 313 666 carior
328 642 425 667 esset,
453 637 582 665 dubitari
600 641 732 673 poterat,
759 641 820 666 tum
843 641 924 666 certe
941 637 1071 674 prImum

81 683 228 714 expertus
251 686 375 707 suornm
399 678 532 707 animos.
563 679 640 707 adeo
669 683 701 708 ut
727 679 891 713 fortunam,
921 679 951 707 in
980 687 1070 716 quam

82 724 190 755 postea
212 720 364 750 ascendit,
389 719 417 748 in
439 719 489 748 illo
513 719 647 756 periculo
663 720 846 750 Macedones
862 720 985 750 ominati
1001 729 1071 750 esse

37 761 247 791 25rideantur.
293 761 412 797 Quippe
438 770 497 791 non
526 762 622 791 levior
649 762 707 791 illis
730 762 892 792 Ptolemaei
914 763 968 792 fuit
990 771 1071 797 cura,

83 811 172 838 quam
187 802 284 838 regis:
309 802 360 838 qni
377 807 406 831 et
423 803 538 839 proelio
556 808 585 832 et
601 803 804 833 sollicitudine
820 804 961 841 fatigatus
978 813 1071 840 quum

80 844 252 873 Ptolemaeo
275 843 440 877 assideret,
468 845 593 880 lectum,
621 844 650 873 in
674 853 734 881 quo
757 845 825 882 ipse
848 846 1069 882 acquiesceret,

39 885 168 916 26iussit
183 884 295 914 inferri.
340 886 371 913 ln
390 894 479 922 quem
496 891 527 915 ut
543 894 577 915 se
592 886 716 923 recepit,
732 886 870 923 protinus
887 887 975 917 altior
989 888 1070 917 inse-

81 932 169 957 cutus
185 931 232 956 est
248 935 383 956 somnus.
424 928 470 955 Ex
491 936 550 964 quo
568 928 717 957 excitatus
734 936 789 964 per
805 928 937 965 quietem
953 929 1070 959 vidisse

81 977 114 998 se
130 968 257 1005 exponit
272 968 406 1005 speciem
422 969 563 998 draconis
581 970 720 1005 oblatam,
734 970 856 999 herbam
870 970 993 1001 ferentis
1007 979 1070 1006 ore,

37 1014 71 1042 27
81 1019 171 1048 quam
187 1011 295 1039 veneni
318 1009 483 1039 remedium
507 1019 576 1040 esse
597 1017 813 1041 monstrasset:
840 1013 973 1041 colorem
995 1021 1067 1049 qm)-

80 1060 141 1089 que
157 1052 270 1081 herbae
284 1052 444 1083 referebat,
460 1052 638 1089 agniturum,
656 1053 680 1082 si
699 1053 766 1089 quis
779 1054 977 1090 repperisset,
990 1055 1068 1083 affir-

79 1102 176 1123 mans.
220 1093 375 1123 Inventam
399 1094 510 1123 deinde
533 1111 571 1116 —
595 1095 709 1132 quippe
730 1103 748 1123 a
775 1095 875 1125 multis
897 1096 985 1125 simul
1007 1101 1071 1125 erat

79 1135 226 1172 requisita
246 1152 287 1156 —
306 1135 423 1164 vulneri
446 1136 604 1172 imposuit:
634 1136 835 1173 protinusque
857 1137 963 1167 dolore
986 1137 1069 1167 finito

38 1177 156 1208 28intra
180 1177 274 1206 breve
300 1177 431 1214 spatium
455 1178 579 1207 cicatrix
602 1187 725 1215 quoque
747 1179 879 1208 obducta
900 1184 955 1208 est.
997 1180 1068 1208 Bar-

80 1219 172 1248 baros
189 1223 220 1248 ut
235 1218 331 1255 prima
347 1227 419 1255 spes
443 1220 603 1255 fefellerat,
628 1228 661 1249 se
684 1220 771 1257 ipsos
795 1221 962 1258 urbemque
985 1221 1066 1250 dedi-

80 1261 198 1290 derunt.

164 1301 231 1337 (34)
259 1303 336 1331 Hinc
351 1302 379 1331 in
397 1302 565 1339 proximam
586 1308 706 1339 gentem
727 1303 868 1333 Pataliam
891 1308 1065 1341 perventum

80 1349 136 1373 cst.
179 1345 245 1374 Rex
261 1349 326 1374 erat
340 1345 470 1378 Moeris,
494 1345 559 1380 qui.
575 1345 649 1374 urbe
665 1346 802 1380 deserta,
819 1345 848 1374 in
864 1351 983 1375 montes
1000 1355 1067 1383 pro-

37 1390 70 1416 29
79 1387 203 1423 fugerat.
246 1386 351 1423 ltaque
374 1386 549 1415 Alexander
570 1387 683 1423 oppido
705 1387 819 1424 potitur
840 1395 994 1424 agrosque
1016 1396 1070 1424 po-

80 1428 209 1464 pulatur.
251 1428 381 1464 Magnae
407 1427 477 1456 inde
500 1428 633 1464 praedae
656 1433 741 1458 actae
764 1433 834 1458 sunt
856 1437 1002 1466 pecorum
1024 1438 1065 1458 ar-

37 1473 327 1506 30mentorumque‚
343 1477 452 1505 magna
468 1469 515 1498 vis
531 1474 651 1506 reperta
668 1470 816 1500 frumenti.
860 1470 995 1500 Ducibus
1019 1472 1057 1500 de

79 1511 150 1540 inde
177 1511 306 1547 sumptis
333 1511 429 1540 amnis
458 1511 577 1547 peritis,
607 1512 735 1541 defluxit
756 1513 794 1541 ad
817 1512 946 1541 insulam
969 1513 1068 1542 medio

80 1554 173 1582 ferme
188 1553 276 1582 alveo
294 1556 420 1581 enatam.

473 1619 567 1649 CAP.
589 1619 637 1648 IX.

53 1682 64 1708 1
157 1677 200 1706 lbi
218 1677 331 1706 diutius
348 1676 516 1706 subsistere
539 1681 681 1713 coaetus,
709 1678 780 1715 quia
794 1678 890 1708 duces
907 1679 1069 1708 socordius

80 1719 227 1749 asservati
244 1719 451 1756 profugerant,
478 1718 556 1747 misit
589 1719 641 1751 qui
664 1719 876 1757 conquirerent
894 1721 986 1750 alios:
1013 1729 1070 1751 nec
