1215 1905
124 114 196 144 LlB.
209 114 274 143 vu.
291 113 373 142 CAP.
389 114 465 149 vul,
483 112 709 149 15—CAP.IX,
724 116 750 144 7.
763 122 821 150 (vn,
830 122 913 145 34-36.
930 121 968 148 ι]
1003 110 1067 143 167

75 190 175 219 amicis
184 190 294 226 poteris
306 190 355 218 uti.
376 189 451 217 Num
465 192 493 217 el
502 189 671 223 firmissima
683 192 725 218 est
735 189 811 217 inter
822 196 914 225 pares
932 189 1063 217 amicitia

74 235 102 260 et
108 231 242 260 videmur
249 238 350 267 pares,
364 231 415 266 qui
425 238 482 258 non
494 229 633 265 fecerunt
643 231 719 259 inter
729 237 760 259 se
766 231 934 267 periculum
948 231 1062 258 virium.

32 276 67 303 28
75 272 151 307 Quos
163 273 279 306 viceris,
301 273 409 300 amicos
419 272 471 300 tibi
480 280 541 300 esse
552 279 623 300 cave
639 272 747 301 credas
755 282 764 300 :
787 273 863 301 inter
875 272 1023 301 dominum
1034 275 1063 300 et

74 322 188 343 servum
199 315 282 342 nulla
294 314 422 342 amicitia
433 317 491 342 est.-
503 314 589 342 etiam
602 315 631 342 iu
639 321 717 350 pace
728 314 796 342 belli
805 318 901 343 lamen
914 315 982 342 iura
993 321 1062 342 ser-

33 359 188 386 29vuntmu
223 355 359 384 Iurando
378 356 509 390 ,qraliam
533 354 657 391 Scythas
682 357 801 384 sancire
821 364 858 384 ne
879 355 1062 384 credideris:

72 398 194 426 colendo
209 397 297 432 sidem
315 398 424 425 iurant.
460 397 639 425 Graecorum
657 398 713 426 ista
725 398 822 426 cautio
835 400 890 432 εει,
909 398 962 433 qui
966 401 1060 433 pacta

72 440 245 474 consiqnant
256 441 284 467 et
295 438 362 467 deos
375 439 526 467 invocant:
547 446 598 467 nos
615 440 785 475 rele'ffl'onem
803 440 832 467 in
850 440 916 475 ipsa
927 439 988 473 fide
998 446 1060 475 po-

72 481 176 509 nimus.
212 479 268 514 Qui
280 488 337 509 non
355 484 526 508 reverentur
538 480 680 513 homines,
700 480 814 516 fallunt
826 480 904 509 deos.
937 480 998 509 Nec
1010 480 1064 508 tibi

0 534 1 538 ¹
31 523 164 553 Βοαηιὶεο
181 530 254 558 opus
271 526 326 556 esc,
350 521 387 550 de
403 523 486 551 cuius
503 522 692 551 benivolentia
711 522 831 550 dubites.
866 522 996 551 Celerum
1008 529 1060 550 nos

72 568 100 593 et
118 565 207 592 Asiae
225 567 253 592 et
269 563 409 600 Europae
425 563 558 593 custodes
568 563 702 592 habebis:
724 563 855 595 Bactra,
879 564 937 591 nisi
947 564 1061 591 dt'm'dac

75 605 197 639 Ταηᾶῖε,
225 606 434 640 continqimus:
462 607 542 634 ultra
569 605 690 634 Tam‘iim
716 613 806 641 usque
834 605 876 633 acl
900 604 1059 633 Thraciam

71 648 207 676 colimus:
234 647 380 676 leraciae
397 646 604 676 Macedoniam
626 648 808 676 coniunctam
827 655 888 675 esse
902 646 990 682 sama
1007 651 1059 675 est.

76 688 196 724 Utrique
208 690 330 724 imperio
341 692 388 717 tuo
397 689 534 724 finitimos
546 689 640 717 hostes
651 697 689 717 an
702 690 810 718 amicos
822 689 891 717 velis
902 696 971 723 esse,
984 696 1058 717 con-

70 731 179 759 sidera.
203 730 284 758 llaec
300 730 456 758 barbarus.

465 798 519 827 CA
527 798 557 826 P.
580 798 628 826 lx.

43 863 59 888 1
141 858 207 895 (36)
225 859 335 888 Contra
346 867 401 888 rex
418 859 537 888 fortuna
550 867 606 888 sua
621 863 650 888 et
665 859 801 889 consiliis
817 867 922 888 eorum
939 867 973 888 se
986 867 1058 887 usu-

69 908 134 930 rum
147 908 218 930 esse
230 901 410 937 respondet:
428 909 495 929 nam
504 905 534 930 et
546 902 711 936 fortunam,
725 901 773 930 cni
787 902 929 936 confidat,
942 904 971 929 et
985 908 1058 928 eon-

70 941 169 971 silium
183 942 383 977 suadentium,
397 951 434 971 ne
448 943 519 978 quid
532 947 644 972 temere
656 947 685 972 et
696 944 840 972 audacter
854 942 951 978 saciat,
969 949 1066 971 seou-›

41 987 58 1012 2
71 988 177 1013 turum.
203 984 405 1020 Dimissisque
419 984 525 1021 legatis
539 984 569 1013 in
584 989 782 1022 praeparatas
795 989 876 1014 rates
890 983 1058 1013 exercitum

70 1025 260 1062 imposuit.ln
269 1024 370 1062 proris
379 1025 535 1063 clypeatos
547 1027 710 1061 locaverat,
719 1027 822 1056 iussos
835 1026 864 1055 in
877 1033 977 1062 genua
986 1025 1058 1054 sub-

41 1069 59 1095 3
71 1067 180 1103 sidere,
197 1076 258 1103 quo
272 1067 398 1097 tutiores
412 1069 675 1097 essentadversus
692 1068 769 1098 ictus
784 1068 969 1104 sagittarum.
985 1067 1058 1096 Post

70 1108 135 1145 hos,
149 1110 200 1146 qui
214 1114 362 1139 tormenta
376 1109 575 1145 intenderent,
589 1111 716 1145 stabant,
731 1115 760 1139 et
772 1110 810 1139 ab
822 1114 952 1146 utroque
964 1111 1056 1138 latere

69 1155 98 1180 et
112 1159 130 1180 a
142 1152 238 1181 fronte
255 1151 431 1180 circumdati
446 1151 578 1181 armatis.
606 1152 740 1188 Reliqui,
759 1151 810 1188 qui
822 1155 893 1188 post
909 1155 1055 1181 tormenta

69 1194 273 1228 constiterant,
291 1193 435 1229 remigem
448 1194 572 1223 loricam
586 1193 722 1223 indutum
738 1199 892 1223 scutorum
904 1193 1057 1223 testudine

41 1235 172 1264 4a1·1nati
195 1235 404 1271 protegebant.
449 1236 532 1264 Idem
554 1236 628 1264 ordo
652 1235 681 1264 in
703 1235 761 1264 illis
784 1243 908 1272 quoque
928 1235 1053 1270 ratibus,

70 1284 148 1312 quae
163 1276 294 1313 equitem
312 1277 476 1312 vehebant,
494 1282 633 1306 servatus
650 1282 705 1306 est.
727 1277 824 1307 Maior
837 1285 908 1314 pars
921 1285 939 1305 a
951 1285 1056 1313 puppe

69 1322 176 1347 nantes
189 1326 286 1355 equos
301 1318 373 1347 loris
389 1319 534 1348 trahebat.
556 1320 596 1348 At
608 1319 685 1352 illos,
703 1328 780 1355 quos
793 1323 875 1348 utres
890 1323 1054 1348 stramento

39 1362 56 1386 5
67 1359 174 1395 repleti
188 1360 354 1395 vehebant,
372 1360 509 1390 obiectae
524 1365 605 1390 rates
623 1361 789 1390 tuebantur.
831 1361 902 1398 lpse
917 1369 972 1390 rex
987 1368 1056 1389 eum

69 1401 194 1430 delectis
212 1401 326 1437 primus
342 1406 435 1431 ratem
452 1402 542 1432 solvit
558 1407 587 1431 et
601 1402 630 1431 in
647 1402 741 1439 ripam
759 1402 846 1439 dirigi
862 1403 959 1432 iussit.
1002 1401 1056 1430 Cui

69 1442 201 1480 Scythae
214 1444 354 1472 admotos
371 1444 494 1473 ordines
511 1443 645 1480 equitum
661 1444 690 1472 in
704 1445 802 1481 primo
819 1445 904 1480 ripae
919 1443 1056 1480 margine

69 1489 242 1520 opponunt,
268 1488 301 1514 ut
320 1492 359 1513 ne
380 1485 525 1522 applicari
548 1485 671 1521 quidem
694 1491 791 1515 terrae
813 1491 894 1515 rates
917 1490 1056 1522 possent.

38 1527 56 1554 6
69 1524 206 1554 Ceterum
234 1530 354 1562 praeter
370 1526 448 1555 hanc
470 1527 604 1563 speciem
626 1527 702 1563 ripis
719 1527 923 1564 praesidentis
939 1527 1055 1557 exerei-

67 1571 115 1596 tus
138 1567 245 1604 ingens
268 1567 445 1604 navigantes
467 1573 563 1597 terror
584 1568 752 1598 invaserat:
780 1577 910 1605 namque
933 1577 1055 1598 cursum

66 1609 296 1645 gubernatores,
314 1618 406 1646 quum
424 1610 547 1647 obliquo
561 1610 685 1639 flumine
698 1610 932 1648 impellerentur,
949 1619 1055 1648 regere

67 1658 128 1679 non
144 1655 298 1687 poterant,
321 1651 561 1688 vacillantesque
576 1652 686 1682 milites
709 1657 754 1689 et,
777 1662 814 1683 ne
830 1657 1055 1688 excuterentur,

39 1693 54 1719 7
67 1691 187 1722 solliciti
202 1698 361 1723 nautarum
377 1693 543 1723 ministeria
566 1695 768 1724 turbaverant.
797 1696 840 1724 Ne
856 1696 914 1725 tela
931 1695 1055 1732 quidem

67 1732 168 1763 conati
183 1734 251 1764 nisu
266 1734 386 1765 vibrare
404 1739 558 1772 poterant,
582 1745 675 1773 quum
699 1736 782 1774 prior
803 1737 904 1767 standi
919 1737 985 1767 sine
1001 1745 1055 1774 pe—
