1215 1905
120 106 191 135 LlB.
204 105 270 134 Vll.
286 104 367 134 CAP.
385 104 419 139 11,
435 108 467 134 35
480 121 513 124 —
527 103 609 132 CAP.
623 103 672 139 111,
685 106 727 133 17.
745 109 802 142 [vn.
823 112 957 138 1⁰—t³.z‚]
1003 101 1064 132 149

156 180 223 218 (12)
244 181 314 218 lpse
330 188 384 210 rex
406 179 558 209 nationem
576 187 613 208 ne
629 178 763 208 finitimis
781 177 903 215 quidem
919 178 993 208 satis
1010 186 1063 207 no-

74 229 142 260 tam,
159 223 273 260 quippe
289 223 371 252 nullo
389 221 571 252 commercio
589 222 739 250 colentem
756 225 877 250 mutuos
893 228 977 255 usus
996 228 1064 250 cum

45 271 61 298 6
73 265 209 296 exercitu
224 264 352 294 intravit.
381 262 638 300 Parapamisadae
654 263 855 300 appellantur,
873 267 993 300 agreste
1010 262 1063 292 ho<

74 307 186 336 minum
201 314 298 344 genus
314 309 343 336 et
357 305 435 336 inter
450 305 599 334 barbaros
620 304 751 334 maxime
768 305 963 334 inconditum.
1006 304 1064 333 Lo-

46 354 59 380 7
74 357 178 379 corum
194 348 345 386 asperitas
359 347 516 377 hominum
533 354 657 384 quoque
674 345 795 383 ingenia
811 346 984 376 duraverat.
1008 345 1064 375 Ge-

77 391 256 421 lidissimum
277 389 494 427 septentrionis
516 396 605 418 axem
628 396 666 417 ex
688 396 797 426 magua
813 392 899 425 parte
915 392 1064 426 spectant,

75 432 242 462 Bactrianis
257 432 296 461 ad
312 432 502 462 occidentem
518 430 671 460 coniuncti
689 435 774 460 sunt:
797 430 965 460 meridiana
979 430 1065 467 regio

17 477 22 482 ’
45 481 61 504 ι-
75 475 113 504 ad
129 482 211 503 mare
226 473 362 503 Indicum
377 473 483 510 vergit.
526 472 659 510 Tuguria
676 474 768 502 latere
785 481 862 510 puro
886 476 1006 502 struunt
1026 476 1064 507 et,

77 516 148 554 quia
164 515 275 546 sterilis
290 520 337 545 est
352 519 432 545 terra
448 514 582 550 materia,
599 515 627 544 in
646 515 727 544 nudo
745 515 833 543 etium
847 515 956 544 montis
971 515 1065 543 dorso

74 566 175 595 usque
186 558 224 587 ad
237 566 386 588 summum
399 557 608 587 aedificiorum
626 556 777 593 fastigium
794 557 903 586 eodem
919 556 1065 586 laterculo

47 603 62 629 9
74 603 206 630 utuntur.
253 600 390 629 Ceterum
406 604 557 629 structura
573 598 661 628 latior
677 599 714 627 ab
731 598 790 628 imo
808 598 951 635 paulatim
968 598 1064 627 iucre-

75 646 176 671 mento
204 642 307 678 operis
333 642 362 670 in
385 641 480 671 artius
504 641 637 678 cogitur,
663 641 702 670 ad
728 641 863 670 ultimum
886 640 915 669 in
945 639 1065 669 carinae

75 684 204 713 maxime
221 684 343 713 modum
361 684 430 713 coit.
453 683 495 712 Ibi
513 683 660 712 foramine
674 682 796 718 relicto,
814 690 948 719 superne
964 684 1063 712 lumen

37 725 236 762 ioaccipiunt.
280 726 329 754 Ad
345 725 476 754 medium
492 725 569 754 vites
586 729 615 754 et
629 725 771 760 arbores,
794 724 818 753 si
842 732 921 761 quae
937 724 966 753 in
983 728 1064 754 tanto

75 773 173 797 terrae
188 768 288 803 rigore
305 767 415 796 durare
436 771 615 803 potuerunt,
640 766 801 803 obtegunt:
830 766 951 803 penitus
968 766 1066 795 hieme

75 809 219 839 defossae
233 810 339 838 latent:
357 817 451 846 quum
464 809 514 837 nix
528 808 670 837 discussa
683 808 802 844 aperire
817 808 939 837 humum
956 807 1065 845 coepit,

38 852 160 882 ilcoelo
184 851 304 887 solique
326 851 502 880 redduntur.
548 850 685 879 Ceterum
706 850 784 879 adeo
801 851 878 879 altae
895 850 982 879 nives
1000 858 1067 886 pre-

76 897 159 922 munt
175 896 292 925 terram,
309 893 378 929 gelu
391 895 419 921 et
432 896 580 929 perpetuo
595 899 693 928 paene
709 891 810 928 rigore
827 892 1021 928 constrictae,
1036 895 1069 921 ut

75 943 112 964 ne
128 934 229 964 avium
246 934 369 971 quidem
386 935 508 963 feraeve
526 934 615 963 ullius
635 934 793 970 vestigium
811 937 900 963 extet.
932 933 1069 963 Obscura

76 976 154 1006 coeli
171 975 273 1006 verius
288 976 394 1005 umbra
411 984 502 1013 quam
515 977 577 1011 lux,
595 975 675 1004 nocti
689 975 810 1011 similis,
828 976 937 1013 premit
949 979 1068 1012 terram,

76 1018 126 1046 vix
143 1022 184 1051 ut,
203 1025 281 1054 quac
300 1026 395 1054 prope
411 1021 490 1053 sunt,
508 1017 646 1054 conspici
662 1017 792 1054 possint.

37 1065 66 1091 12
149 1059 216 1095 (13)
249 1060 279 1088 lu
304 1060 360 1088 liae
382 1063 480 1089 tamen
504 1059 603 1088 omnis
629 1059 750 1088 humani
778 1060 877 1089 cultus
905 1059 1069 1089 solitudine

77 1101 238 1131 destitutus
266 1101 436 1136 exercitus,
463 1101 610 1138 quicquid
636 1102 782 1130 malorum
812 1101 933 1131 tolerari
958 1105 1067 1137 potest,

77 1143 212 1180 pertulit,
239 1143 388 1180 inopiam,
417 1142 528 1180 frigus,
554 1142 782 1178 lassitudinem,
810 1143 1068 1180 desperationem.

36 1185 185 1216 13Multos
202 1185 388 1214 exanimavit
406 1185 488 1222 rigor
502 1185 644 1215 insolitus
661 1185 754 1214 nivis:
772 1186 933 1214 multorum
949 1185 1070 1214 adussit

77 1227 188 1264 pedes:
219 1227 417 1264 plurimorum
452 1228 549 1256 oculis
577 1227 744 1263 praecipue
771 1226 978 1263 perniciabilis
1005 1227 1069 1256 suit.

77 1268 202 1306 Fatigati
226 1269 340 1306 quippe
363 1269 390 1297 in
419 1268 487 1305 ipso
510 1270 579 1305 gelu
603 1268 777 1298 deficientia
800 1277 930 1306 corpora
954 1272 1068 1298 sterne-

76 1311 162 1340 bant:
181 1319 259 1348 quae
272 1320 364 1348 quum
378 1310 494 1340 moveri
510 1311 674 1346 desissem,
691 1311 738 1340 vis
753 1310 875 1347 frigoris
888 1311 928 1340 ita
941 1311 1069 1340 adstrin-

36 1357 68 1382 14
77 1352 182 1389 gebat,
208 1356 241 1382 ut
261 1361 367 1382 rursu>¹
390 1353 427 1381 ad
451 1353 637 1388 surgendum
654 1352 767 1382 conniti
784 1362 843 1383 non
861 1357 998 1390 possent.
1043 1354 1069 1381 Α

78 1394 332 1424 commilitonibus
351 1399 507 1431 torpentes
522 1395 747 1424 excitabantur:
765 1403 866 1432 neque
879 1395 960 1424 aliud
973 1403 1069 1424 reme-

77 1435 159 1465 ‹lium
171 1440 244 1471 erat,
261 1444 351 1472 quum
364 1440 396 1465 ut
407 1436 524 1473 ingredi
542 1441 732 1474 cogerentur.
755 1438 829 1466 Tum
844 1438 974 1473 demum,
989 1435 1071 1466 vitali

39 1482 68 1507 ιε’»
78 1478 178 1506 calore
193 1482 284 1512 moto⁷
301 1478 445 1507 membris
459 1478 569 1515 aliquis
581 1479 701 1508 redibat
715 1479 812 1516 vigor.
837 1479 867 1508 Si
886 1479 937 1516 qui
952 1478 1070 1515 tuguria

78 1519 275 1548 barbarorum
297 1519 381 1549 adire
404 1524 583 1556 potuerunt,
606 1521 745 1550 celeriter
764 1521 868 1550 resecti
888 1525 966 1550 sunt.
1009 1520 1070 1549 Sed

77 1565 158 1590 tanta
175 1561 273 1598 caligo
290 1566 368 1597 erat,
391 1566 423 1590 ut
443 1562 582 1591 aedificia
599 1563 681 1591 nulla
703 1562 762 1591 alia
783 1571 833 1592 res
856 1571 947 1599 quam
969 1562 1069 1592 fumus

39 1603 260 1633 loostenderet.
290 1603 350 1638 Illi,
369 1611 525 1641 nunquam
540 1608 609 1633 ante
626 1604 653 1633 in
671 1604 759 1634 terris
775 1605 840 1634 suis
858 1605 977 1634 advena
992 1604 1070 1640 viso,

78 1653 170 1682 quum
183 1649 316 1675 armatos
328 1650 455 1682 repente
469 1646 694 1683 conspicerent,
708 1647 870 1676 exanimati
882 1651 972 1683 metu⁷
987 1645 1071 1683 quic-

78 1686 150 1724 quid
173 1687 201 1716 in
225 1688 352 1724 tuguriis
369 1692 448 1723 erat,
475 1687 658 1725 afferebant,
685 1693 718 1718 ut
734 1688 915 1726 corporibus
931 1689 1069 1726 ipsorum

37 1731 67 1759 17
78 1732 262 1765 parceretur,
280 1734 412 1759 orantes.
436 1730 502 1760 Rex
518 1738 625 1768 agmen
645 1729 821 1760 circumibat
837 1731 950 1767 pedes,
967 1730 1069 1760 iacen-
