1215 1895
82 108 103 138 2
428 99 461 134 Q.
484 95 639 126 CURTII
661 91 768 122 RUFI

86 182 129 212 sis
148 181 332 209 Graecorum
349 172 532 204 carminibus
548 169 678 199 inclitus.
713 167 795 195 Fons
812 164 877 193 eius
896 171 934 192 ex
954 166 1071 190 summo
1096 161 1114 187 3

87 222 198 253 montis
221 218 377 249 cacumine
399 221 565 245 excurrens
585 211 615 240 in
637 209 804 239 subiectam
827 209 942 242 petram
961 208 1071 238 magno

89 264 215 300 strepitu
232 267 379 297 aquarum
401 256 496 286 cadit:
518 254 589 283 inde
611 251 742 281 diffusus
765 246 975 277 circumiectos
995 242 1073 279 rigat

90 312 225 341 campos,
242 301 376 338 liquidus
392 303 421 328 et
436 305 508 327 suas
525 296 680 324 dumtaxat
690 291 789 321 undas
806 288 938 318 trahens.
967 286 1074 320 Itaque
1099 287 1116 310 4

91 348 174 377 color
190 344 255 374 eius
272 342 392 380 placido
408 339 483 368 mari
500 336 605 367 similis
626 336 726 364 locum
743 333 901 368 poetarum
916 324 1074 356 mendacio

91 388 175 419 fecit:
193 386 309 423 quippe
324 382 462 412 traditum
477 384 532 414 est,
547 376 704 415 Nymphas
717 381 819 402 amore
831 370 928 400 amnis
942 371 1076 398 retentas

91 431 121 459 in
134 430 184 458 illa
195 434 272 463 rupe
284 424 456 455 considere.
480 421 619 450 Ceterum
631 415 775 454 quamdiu
790 413 867 443 intra
878 418 982 440 muros
998 407 1072 443 fluit,
1102 410 1119 435 5

92 478 202 501 nomen
216 476 304 498 suum
316 465 438 495 retinet:
454 467 485 492 at
500 469 593 498 quum
609 464 693 488 extra
707 456 890 486 munimenta
906 460 940 481 se
956 447 1078 484 evolvit,

92 512 207 543 maiore
221 509 252 538 vi
268 517 303 538 ae
319 508 398 536 mole
413 509 552 542 agentem
567 502 666 531 undas
681 500 797 536 Lycum
813 495 978 533 appellant.

178 550 353 581 Alexander
367 547 489 584 quidem
502 545 607 574 urbem
620 540 792 572 destitutam
808 547 826 567 a
841 536 905 567 suis
920 535 1018 568 intrat,
1033 540 1079 560 ar·
1106 534 1121 559 6

96 604 161 625 cem
176 601 260 628 vero,
276 592 305 620 in
323 598 413 627 quam
429 587 637 623 confugerant,
654 588 832 619 oppugnare
848 579 973 608 adortus
990 574 1081 603 cadu-

96 642 249 667 ceatorem
266 630 436 670 praemisit,
460 628 511 665 qui
533 624 736 659 denuntiaret,
758 621 789 650 ni
811 621 971 651 dederent,
993 616 1082 652 ipsos

98 678 201 708 ultima
216 682 286 705 esse
302 679 461 710 passuros.
502 669 546 698 Illi
562 668 793 697 caduceatorem
809 662 838 690 in
856 666 965 690 turrem
981 661 1010 686 et
1024 655 1084 685 situ
1109 656 1123 684 7

98 725 127 749 et
140 725 234 756 opere
251 716 374 745 multum
391 712 501 742 editam
517 710 706 747 perductum,
722 708 834 742 quanta
851 705 934 731 esset
948 697 1083 732 altitudo,

98 760 207 791 intueri
222 759 325 787 iubent
340 764 376 785 ac
389 753 526 783 nuntiare
538 749 724 783 Alexandro,
740 754 800 775 non
817 744 923 773 eadem
940 741 1040 777 ipsum
1056 741 1085 767 et

98 803 216 832 incolas
232 796 442 828 aestimatione
464 792 648 823 munimenta
669 787 779 818 metiri:
803 794 836 815 se
853 784 941 819 scire,
959 782 1085 816 inexpu-

101 842 238 882 gnabiles
255 848 340 870 esse:
362 838 401 867 ad
416 836 568 869 ultimum,
583 841 638 870 pro
654 832 715 860 fide
730 828 903 858 morituros.
940 824 1087 856 Ceterum,
1112 823 1129 848 8

100 891 132 916 ut
149 880 357 914 circumsideri
373 886 473 908 arcem
490 881 519 906 et
534 874 634 905 omnia
656 872 713 902 sibi
733 871 763 900 in
786 869 851 898 dies
873 866 983 896 artiora
1005 862 1087 892 vide-

101 931 171 957 runt
186 933 265 959 esse,
288 921 448 958 sexaginta
463 918 579 948 dierum
600 913 739 945 inducias
766 909 856 948 pacti,
876 912 917 943 ut,
939 905 998 935 nisi
1012 904 1090 933 intra

103 977 157 999 eos
173 966 317 997 auxilium
333 965 449 993 Dareus
465 959 542 997 ipsis
558 956 700 991 misisset,
716 954 863 983 dederent
876 950 990 983 urbem,
1006 950 1089 983 post-

106 1019 196 1048 quam
211 1007 285 1037 nihil
300 1006 371 1035 inde
387 1000 532 1040 praesidii
547 999 726 1032 mittebatur,
739 996 775 1024 ad
790 991 998 1030 praestitutam
1011 987 1090 1017 diem

106 1050 273 1089 permisere
290 1056 324 1076 se
337 1045 412 1082 regi.

191 1087 417 1127 Superveniunt
435 1084 546 1115 deinde
567 1080 656 1118 legati
672 1075 917 1109 Atheniensium,
944 1075 1092 1109 petenteS,
1118 1073 1134 1098 9

106 1139 139 1165 ut
153 1133 234 1170 capti
249 1131 330 1168 apud
348 1130 510 1158 Granicum
524 1131 642 1154 amnem
656 1121 855 1150 redderentur
870 1114 937 1146 sibi.
968 1114 1021 1142 Ille
1033 1119 1095 1141 non

108 1179 165 1206 hos
181 1174 288 1207 modo,
312 1171 368 1200 sed
383 1169 473 1199 etiam
487 1171 605 1196 ceteros
623 1165 756 1192 Graecos
771 1157 888 1189 restitui
909 1155 973 1186 suis
995 1155 1095 1184 iussu-

108 1226 175 1248 rum
189 1212 359 1251 respondit,
374 1210 458 1240 finito
474 1207 598 1238 Persico
614 1206 703 1234 bello.

193 1257 238 1294 (2)
262 1255 400 1284 Ceterum
413 1253 510 1281 Dareo
522 1247 691 1280 imminens,
708 1251 796 1280 quem
813 1240 947 1270 nondum
961 1236 1096 1273 Euphra-
1106 1239 1139 1264 10

111 1307 161 1331 ten
177 1304 344 1336 superasse
360 1295 559 1331 cognoverat,
582 1287 718 1324 undique
734 1291 840 1314 omnes
856 1281 962 1318 copias
978 1281 1096 1308 contra-

111 1342 169 1377 hit,
196 1339 267 1370 totis
289 1336 405 1367 viribus
420 1333 495 1364 tanti
515 1330 586 1361 belli
602 1328 763 1359 discrimen
785 1325 931 1354 aditurus.
966 1318 1097 1357 Phrygia
1108 1321 1137 1346 11

114 1387 185 1418 erat,
209 1389 264 1419 per
279 1387 370 1416 quam
386 1376 552 1406 ducebatur
568 1370 729 1404 exercitus,
753 1366 889 1404 pluribus
909 1363 986 1392 vicis
1009 1369 1098 1396 quam

114 1424 239 1455 urbibus
256 1423 412 1458 frequens.
445 1417 527 1446 Tune
542 1414 673 1444 habebat
688 1409 819 1440 nobilem
835 1405 989 1443 quondam
1000 1402 1141 1431 Midael‘z

116 1465 245 1503 regiam:
268 1461 413 1492 Gordium
428 1466 538 1488 nomen
554 1460 601 1485 est
616 1452 698 1488 urbi,
715 1459 804 1488 quam
821 1446 987 1484 Sangarius
1003 1442 1100 1473 amnis

116 1505 269 1540 interfluit,
285 1503 351 1541 pari
365 1500 523 1531 intervallo
537 1496 662 1527 Pontico
679 1498 708 1523 et
723 1491 825 1522 Cilicio
841 1488 916 1518 mari
931 1487 1100 1516 distantem.

116 1550 197 1578 Inter
210 1547 287 1575 haec
303 1543 396 1574 maria
412 1539 659 1578 angustissimum
673 1534 766 1564 Asiae
788 1530 920 1569 spadum
935 1535 1005 1558 esse
1021 1534 1101 1555 com-
1112 1527 1144 1553 13

118 1589 262 1627 perimus,
276 1591 407 1622 utroque
418 1583 448 1612 in
461 1586 542 1612 artas
553 1581 657 1609 fauces
669 1575 869 1613 compellente
880 1576 998 1601 terram.
1021 1567 1103 1603 Quae

120 1631 191 1669 quia
208 1626 371 1659 continenti
386 1625 540 1659 adhaeret,
558 1621 613 1651 sed
627 1627 736 1656 magna
751 1625 789 1646 ex
805 1619 889 1652 parte
905 1610 1033 1648 cingitur
1048 1608 1101 1637 ssu-

120 1672 236 1707 ctibus,
258 1668 392 1706 speciem
408 1666 526 1696 insulae
541 1663 666 1701 praebet
681 1668 731 1695 ac,
753 1657 811 1687 nisi
833 1660 923 1685 tenue
942 1651 1103 1683 discrimen

119 1713 276 1748 obiiceret,
293 1718 372 1747 quae
388 1715 467 1738 nunc
483 1705 591 1736 dividit
605 1702 707 1738 maria,
724 1698 930 1730 committeret.
