1210 1895
121 130 137 147 x
518 127 748 153 PRAEFATIO.

119 195 156 219 sie
175 194 330 218 scribuntur:
349 194 430 218 Huius
449 195 551 225 agminis
568 196 686 226 princeps
704 196 824 227 Amyntas
841 200 909 225 erat,
928 204 992 227 quae
1010 198 1148 222 rectissime

119 228 146 253 Z.
167 229 250 260 inepta
269 235 326 252 esse
345 229 413 252 dicit.
458 229 543 259 Neque
569 230 634 252 enim
657 230 776 260 princeps
803 234 863 261 puto
889 237 945 254 cum
965 231 1093 255 Minzeltio
1113 233 1147 256 ita

120 262 224 294 intelligi
244 269 329 293 posse,
346 266 373 285 ut
390 263 523 295 Amyntam
540 266 679 287 statuamus
696 263 834 295 principem
850 264 874 288 in
891 263 939 288 ltoc
952 272 1026 288 cornu
1036 267 1147 289 tenuisse

119 296 213 320 locum:
233 303 289 319 nam
308 303 322 319 a
345 295 433 320 dextro
452 304 529 321 cornu
552 304 624 321 orsus
643 297 675 321 ad
695 297 792 321 laevum
815 296 913 321 Curtius
931 298 1031 322 transit:
1051 300 1146 330 Amyn-

117 334 156 354 tas
171 330 248 361 igitur
266 329 379 353 ultimum
398 330 492 362 potius,
512 330 636 362 siquidem
658 339 707 355 non
727 331 791 355 alius
811 332 862 355 dux
881 333 1047 363 sequebatur,
1068 333 1146 357 habe-

119 364 161 388 bat
179 364 268 389 locum.
311 364 361 387 lam
388 372 465 394 quum
484 365 604 389 Arrianus
623 365 663 393 ΙΙΙ,
684 365 723 392 11.
743 364 769 390 9.
790 366 884 395 tradat,
903 366 1026 398 Amyntae
1046 374 1145 399 agmen,

118 405 269 428 quamquam
287 402 389 429 propter
409 399 479 422 ducis
497 399 578 430 ipsius
597 399 735 423 absentiam
757 398 874 423 Simmias
899 401 922 424 ei
947 404 1000 424 tum
1024 404 1146 432 praeerat,

118 432 248 464 excepisse
267 439 357 463 agmen
376 432 574 464 Polypercontis‚
594 433 682 464 scripsi
697 433 768 457 huius
783 434 873 465 agmini
884 435 1016 464 praecimus
1025 434 1146 466 Amyntas

117 470 182 490 erat.
220 466 354 496 Sequentia
374 466 449 498 vulgo
468 467 504 491 sic
526 467 617 498 scripta
636 470 706 491 sunt:
725 467 844 499 Philaqus
859 468 985 492 Baiae-ros
1000 469 1145 500 reyebat‚in

116 500 256 524 societatem
266 507 344 530 nuper
354 500 472 527 adscitos.
514 500 587 526 Bern.
609 502 639 524 A.
663 501 725 525 Flor.
746 501 797 526 AB.
824 502 893 526 Leid.
913 503 989 526 Voss.
1011 502 1035 526 1.
1054 502 1146 526 habent

114 533 245 566 plzaliyrus
264 534 410 558 baracrz'eos
428 534 560 566 regebant,
580 534 645 558 Flor.
667 534 747 558 DFGI.
767 535 878 560 balac-ris
895 543 949 565 eos,
970 536 1033 559 Flor.
1055 536 1081 560 C.
1101 536 1145 560 ba-

116 569 186 592 lacre
214 576 269 597 eos,
298 568 362 592 Flor.
391 569 419 592 E.
448 569 546 593 balac-ri
571 576 621 593 eos.
665 568 789 593 Diodorus
818 569 900 597 XVII,
927 569 971 594 57.
1001 570 1143 602 Philippum

118 601 213 626 Balacri
238 603 261 626 in
281 603 334 626 acie
353 603 482 634 excepisse
504 603 706 634 Polypercontem
730 603 828 627 scribit:
852 604 936 634 itaque
962 611 1010 627 non
1030 611 1144 635 possum,

117 637 176 667 quin
197 636 327 667 Philippus
344 637 453 660 Balacri
470 641 535 661 recte
555 644 569 660 a
587 637 701 669 Zumptio
722 641 850 668 receptum
870 645 926 662 esse
945 642 1041 669 putem.
1081 638 1142 661 Tum

117 678 175 694 vcro
198 678 248 702 eos,
269 671 335 701 quod
355 671 378 694 in
399 671 472 695 codd.
494 676 517 695 et
539 671 607 695 editt.
627 675 705 700 extat,
726 678 784 703 pars
808 672 915 695 nominis
932 672 1014 703 gentis
1028 672 1082 695 eius
1098 676 1143 700 est,

116 711 191 735 qnam
210 704 341 736 Philippus
360 706 475 736 regebat:
505 706 538 729 ad
563 712 618 728 eam
636 705 711 729 etiam
730 705 821 729 ascitos
844 705 884 736 (Z.
904 705 1010 737 ascitus)
1028 705 1143 734 refertur,

116 739 183 769 quod
202 738 226 762 in
246 739 362 763 omnibus
380 738 450 762 libris
469 746 530 763 mss.
551 742 597 764 est.
641 739 692 762 Iam
718 739 791 763 liceat
814 740 915 770 quidem
939 747 994 764 cnm
1019 739 1143 764 Miitzellio

115 773 224 796 scribere
247 773 409 798 Parauaeos.
437 773 508 797 cuius
532 773 641 797 nominis
666 780 724 804 pars
748 774 817 805 prior
834 777 937 805 propter
953 774 1141 798 similitudinem

115 807 223 830 nominis
241 806 336 831 Balacri
353 807 427 830 facile
443 807 590 831 intercidere
604 808 726 838 potuerit:
748 807 793 831 sed
810 815 885 838 quum
905 815 953 831 non
970 811 1080 836 constet,
1096 807 1143 831 Pa-

115 847 221 865 rauaeos
239 841 263 864 in
282 840 407 872 phalange
426 841 589 865 Macedonum
611 841 699 870 fuisse,
717 841 807 865 deinde
825 849 901 872 quum
917 849 931 865 a
945 841 1024 865 littera
1042 842 1066 865 in
1082 849 1140 865 non-

115 874 190 899 nullis
211 875 284 899 codd.
306 875 415 907 genitivo
434 875 541 898 Balacri
556 875 673 899 adiuncta
693 876 739 903 sit,
758 875 919 906 Stymphaeoe
936 876 1036 907 scripsi.
1082 875 1141 899 Dio-

115 909 190 933 dorus
210 909 310 939 quidem
329 908 531 940 Polypercontem
550 909 636 933 scribit
663 909 759 933 rexisse
783 909 963 941 Stymphaeos:
991 913 1016 933 at
1044 908 1142 933 Curtius

114 942 182 967 huuc
199 944 332 975 peregrino
351 943 424 966 militi
445 947 526 966 narrat
545 942 701 974 praefuisse,
722 947 745 966 et
764 942 950 975 Polyperconti,
970 947 997 967 nt
1014 942 1139 967 Diodorus

114 977 197 1006 refert,
208 978 232 1001 in
242 978 295 1001 acie
305 978 436 1009 proximus
446 977 576 1008 Philippus
586 981 645 1000 erat.
658 978 830 1005 Quamobrem,
841 978 895 1001 sive
906 977 1008 1001 Diodori
1020 978 1072 1000 sive
1083 976 1141 1001 Cur-

113 1012 141 1034 tii
153 1012 265 1035 dicamus
276 1018 332 1035 esse
346 1019 463 1040 errorem,
474 1011 531 1035 licet
550 1018 609 1034 sane
628 1015 744 1039 statuere,
762 1011 872 1035 Curtium
888 1010 1063 1043 Stymphaeos,
1079 1018 1142 1041 quos

113 1045 289 1077 Polyperconti
309 1053 357 1069 non
380 1046 530 1071 adiunxerit,
549 1045 691 1069 attribuisse
711 1045 837 1076 Philippo.
872 1046 898 1069 In
912 1045 964 1069 acie
981 1049 1046 1068 certe
1061 1048 1139 1068 erant.

113 1079 165 1103 Iam
194 1079 297 1104 Diodori
321 1083 345 1103 et
368 1079 467 1103 Arriani
492 1079 646 1102 narrationes
673 1082 730 1110 apte
756 1079 819 1102 inter
847 1086 875 1103 se
902 1079 1046 1102 conciliatae
1074 1083 1140 1102 sunt.

114 1113 285 1145 Polyperconti
307 1114 373 1138 enim
394 1114 536 1144 proximum
555 1113 678 1144 Amyntae
696 1120 795 1144 agmen,
816 1113 873 1136 huic
894 1113 1026 1144 Philippus
1045 1112 1139 1136 Balacri

114 1152 174 1171 erat.
211 1147 336 1171 Diodorus
356 1148 488 1178 Amyntae,
508 1147 629 1170 Arrianus
648 1146 756 1178 Philippi
777 1147 860 1170 omisit
879 1148 1037 1170 mentionem.

181 1181 222 1209 1v,
243 1180 275 1205 14
294 1181 362 1211 (55).
387 1181 428 1205 22.
457 1182 505 1204 nisi
523 1181 582 1212 quid
599 1182 623 1204 in
648 1181 715 1205 vobis
737 1188 770 1211 sp
780 1189 823 1210 ez,
841 1188 886 1212 eqo
902 1193 936 1199 —
954 1188 1014 1204 ειιπι.
1056 1180 1140 1212 Vulgo

113 1215 194 1246 υοῖιίε,
212 1216 265 1245 ipse
283 1223 327 1246 eqo
347 1216 477 1238 scribitur:
503 1215 538 1238 sic
559 1219 642 1238 autem
662 1215 731 1246 prior
748 1216 886 1238 sententiae
907 1222 967 1246 pars
993 1214 1139 1245 imperfecta

113 1253 164 1273 est:
184 1249 318 1280 requiritur
336 1250 401 1272 enim
421 1248 554 1280 genitivus,
574 1248 616 1278 qui
635 1249 667 1272 ad
685 1248 745 1280 quid
762 1248 892 1272 reseratur.
928 1249 994 1280 Apte
1012 1248 1139 1272 addideris

112 1284 167 1313 opis
185 1283 223 1306 vel
241 1284 304 1313 spei.
341 1282 409 1313 opis,
429 1290 504 1313 quum
525 1282 594 1306 nobis
613 1282 750 1310 antecedat,
769 1286 865 1313 poterat
884 1289 944 1306 sane
966 1282 1094 1306 excidere:
1116 1286 1137 1305 et

112 1317 317 1348 frequentissima
337 1316 399 1341 haec
419 1317 515 1340 dicendi
534 1317 596 1340 ratio
618 1316 686 1348 apud
706 1315 830 1340 Curtium:
859 1316 955 1347 aliquid
978 1317 1032 1346 opis
1055 1320 1093 1340 est
1115 1316 1139 1339 ιή

112 1352 203 1383 aliquo.
239 1351 294 1375 Non
310 1350 359 1374 hoc
378 1355 461 1375 tamen
483 1351 635 1381 interposui,
664 1350 709 1374 sed
729 1351 796 1380 ipse,
821 1351 889 1380 quod
908 1351 1015 1374 otiosum
1038 1357 1139 1381 prorsus

113 1389 136 1409 et
156 1385 220 1409 male
244 1385 368 1409 adiectum
391 1389 437 1413 est,
459 1385 483 1408 in
502 1386 557 1415 spei
575 1385 677 1408 mutavi.
714 1384 799 1414 Neque
817 1385 882 1408 enim
903 1391 990 1408 revera
1009 1391 1036 1407 se
1056 1385 1137 1415 ipsum

112 1419 240 1451 captivum
261 1426 318 1443 esse
337 1419 397 1443 dicit
415 1420 525 1449 Dareus,
552 1419 597 1442 sed
618 1419 737 1442 maiorem
757 1422 852 1442 tantum
879 1419 916 1442 sui
941 1421 1037 1450 partem
1061 1417 1087 1441 h.
1114 1425 1137 1441 e.

113 1458 227 1481 matrem,
244 1453 318 1482 filias,
339 1453 426 1481 filium,
445 1453 469 1476 in
489 1453 625 1477 Alexandri
644 1460 699 1476 esse
718 1455 857 1483 potestate:
876 1453 943 1482 quod
963 1453 983 1475 si
1003 1451 1083 1475 voluit
1101 1452 1136 1475 di-

113 1495 177 1515 cere,
196 1491 223 1511 nt
240 1487 327 1511 voluit.
347 1495 396 1512 non
416 1487 504 1511 licebat
523 1487 615 1511 addere
632 1488 693 1517 ipse.

179 1522 221 1549 IV,
241 1521 272 1546 15
293 1519 360 1552 (57),
382 1519 423 1545 17.
442 1522 524 1545 trunci
539 1528 633 1553 quoque
651 1525 674 1545 el
695 1521 788 1545 debiles
806 1520 934 1552 quidam
951 1528 1022 1544 arma
1037 1523 1138 1544 tamen

110 1562 158 1579 non
177 1555 325 1579 omittebant.
362 1555 434 1582 Ber-n.
456 1555 506 1579 ΑΒ.
527 1555 590 1579 Flor.
609 1555 658 1578 CH.
678 1556 753 1579 Voss.
776 1555 800 1579 l.
821 1555 891 1579 Leid.
910 1555 985 1578 Voss.
1000 1554 1025 1578 2.
1044 1553 1139 1585 quidem

111 1589 216 1613 habent.
236 1597 285 1612 non
305 1589 393 1613 eodem
423 1594 506 1613 tamen
526 1596 613 1613 omnes
637 1589 704 1614 loco:
736 1589 800 1613 Flor.
820 1588 880 1613 CIG.
902 1589 942 1612 ed.
962 1588 1029 1612 Mod.
1049 1591 1136 1613 tamen.

111 1623 157 1647 sed
172 1631 203 1647 ne
218 1622 265 1647 hoc
281 1623 381 1653 quidem
397 1624 486 1648 eodem
501 1624 525 1647 in
535 1623 651 1648 omnibus
661 1623 715 1648 loco
729 1623 858 1655 reperitur.
895 1622 1040 1653 Utrumque,
1060 1621 1136 1652 vulgo

113 1658 242 1684 omissum.
262 1664 308 1689 ego
327 1658 421 1688 recepi,
442 1658 476 1681 ita
495 1661 586 1686 tamen,
605 1661 632 1681 nt
651 1657 746 1689 quidem
763 1660 884 1681 mutarem
900 1657 925 1680 in
941 1657 1046 1688 quidam,
1069 1655 1136 1685 quod

112 1691 226 1722 Zumptio
245 1692 293 1715 iam
316 1691 416 1715 videtur
436 1691 571 1722 placuisse.
607 1691 693 1722 Neque
713 1689 847 1716 verisimile
868 1694 922 1719 est,
942 1697 1049 1714 omues
1067 1693 1137 1712 trun-

111 1732 155 1749 cos
173 1729 197 1749 et
215 1725 309 1749 debiles
326 1726 458 1749 retinuisse
478 1732 557 1749 arma.
