1215 1905
96 110 169 140 LIB.
184 110 259 139 Vlll.
274 109 354 139 CAP.
368 110 443 144 xtlt,
457 109 626 139 12—CAP.
639 109 716 144 XIV,
729 114 754 139 5.
767 118 926 145 [unas-⁴⁷.
939 117 977 143 z.]
998 106 1061 137 209

76 185 217 222 parabat,
239 192 348 214 averso
364 184 452 214 hoste
467 183 496 213 in
512 191 585 218 eos,
601 183 653 220 qui
669 191 736 212 cum
751 182 922 212 Ptolemaeo
938 181 1059 212 inferio-

75 234 139 256 rem
160 226 344 255 obsederant
365 225 474 262 ripam:
506 233 597 261 quum
619 225 754 261 procella
775 224 899 254 imbrem
927 223 976 253 vix
1001 223 1058 254 sub

78 267 165 297 tectis
182 267 368 296 tolerabilem
383 266 518 296 effundit.
535 265 699 302 Obrutique
714 265 823 295 milites
838 266 938 295 nimbo
954 265 984 294 in
1000 270 1054 295 ter-

78 316 142 337 ram
154 310 344 345 refugerunt,
367 307 495 345 navigiis
510 307 687 344 ratibusque
709 307 854 337 desertis:
877 308 932 337 sed
953 308 1052 336 tumul>

78 349 224 379 tuantium
250 349 400 384 fremitus,
426 349 672 386 obstrepentibus
693 348 808 385 ventis,
829 349 867 378 ab
889 349 977 378 hoste
998 357 1058 377 non

35 396 70 421 24
79 395 197 428 poterat
211 391 317 420 audiri.
358 391 473 421 Deinde
489 395 640 420 momento
663 390 807 427 temporis
828 398 990 427 repressus
1012 394 1059 419 est

78 433 188 461 imber:
212 437 343 462 ceterum
358 432 436 462 adeo
452 432 573 469 spissae
590 432 746 462 intendere
763 440 796 461 se
811 433 924 467 nubes,
941 436 973 460 ut
987 439 1058 461 con-

78 474 185 503 derent
209 474 322 509 lucem,
347 474 462 510 vixque
487 474 723 510 colloquentium
749 474 826 503 inter
852 473 938 510 ipsos
964 473 1058 502 facies

35 515 307 546 25noscitarentur.
335 515 505 544 Terruisset
519 515 609 545 alium
625 515 756 544 obducta
772 523 832 544 nox
852 515 948 549 coelo,
966 523 1058 551 quum

78 556 181 592 ignoto
197 564 285 586 amne
300 556 502 593 navigandum
518 560 614 590 esset,
635 556 760 585 forsitan
774 556 863 586 hoste
879 564 946 585 eam
961 555 1058 592 ipsam

76 597 182 634 ripam,
200 606 290 634 quam
306 598 389 627 caeci
403 602 495 634 atque
511 597 671 635 improvidi
687 602 715 627 et
729 606 767 627 ex
783 597 918 634 periculo
931 596 1057 633 gloriam

35 643 68 668 25
79 643 271 668 accersentes
288 640 460 676 [petebant],
477 643 660 676 occupante:
677 639 874 677 [Alexander]
891 637 1056 667 obscurita-

78 684 151 714 tem,
169 688 248 716 quae
264 685 382 710 eeteros
399 681 542 715 terrebat,
565 688 650 710 suam
667 680 860 709 occasionem
874 685 971 715 ratus,
987 679 1056 708 dato

78 720 180 757 signo,
207 726 240 751 ut
261 730 367 751 omnes
389 721 508 751 silentio
531 722 745 757 ascenderent,
770 727 863 751 ratem
889 729 970 755 eam,
999 728 1058 756 qua

33 762 143 798 27ipse
158 763 332 799 vehebatur,
347 763 474 800 primam
488 762 578 792 iussit
592 763 712 799 expelli.
754 764 859 792 Vacua
874 767 937 791 erat
951 762 988 791 ab
1004 762 1044 790 ho

77 803 175 833 stibus
195 804 276 839 ripa,
301 812 379 840 quae
400 804 573 840 petebatur:
607 804 721 840 quippe
737 804 836 833 adhuc
851 804 947 833 Porus
962 803 1044 832 Ptole

75 852 193 874 maeum
215 850 328 874 tantum
350 845 529 874 intuebatur.
573 845 640 873 Una
655 853 726 881 ergo
743 845 828 880 navi,
851 853 939 882 quam
955 849 1057 882 petrae

77 885 189 915 fluctus
204 886 338 920 illiserat,
360 886 512 921 haerente,
534 890 653 915 ceterae
674 887 820 915 evadunt:
850 894 994 924 armaque
1010 893 1055 915 ca-

75 935 147 964 pere
162 927 270 957 milites
286 932 315 957 et
331 927 373 957 ire
389 927 418 956 in
435 927 556 956 ordines
572 927 668 956 iussit.

453 993 544 1022 CAP.
565 993 642 1021 XIV.

49 1056 61 1081 1
155 1050 221 1087 (47)
254 1052 376 1088 lamque
398 1060 505 1088 agmen
522 1052 550 1080 in
567 1060 680 1081 cornua
696 1051 826 1081 divisum
841 1061 908 1088 lpse
953 1070 979 1087 Α,
996 1069 1035 1089 ³2⁶

77 1093 215 1127 ducebat,
232 1101 324 1129 quum
339 1093 416 1122 Poro
432 1093 597 1129 nuntiatur,
614 1093 704 1122 armis
720 1093 855 1130 virisque
870 1093 907 1122 ri-
933 1100 952 1112 ⁸·
969 1094 1018 1113 (Ἱπ-
1034 1101 1046 1113 ¹·

957 1125 1030 1138 mense

76 1142 145 1170 pam
172 1134 300 1163 obtineri
327 1139 356 1163 et
383 1143 482 1164 rerum
511 1135 620 1164 adesse
646 1134 817 1164 discrimen.
862 1137 908 1164 Ac
958 1145 977 1163 A
996 1144 1031 1163 rin

75 1175 172 1212 primo
196 1175 317 1205 humani
339 1175 451 1212 ingenii
469 1175 540 1205 vitio
562 1176 628 1213 spei
649 1184 723 1206 suae
745 1176 906 1213 indulgens
927 1169 1060 1217 6⁴15¹1⁴1¹3Jffi2

74 1216 225 1246 Abisaren
242 1217 311 1246 belli
328 1217 444 1246 socium
465 1220 508 1252 (et
526 1217 566 1246 ita
582 1221 777 1252 convenerat)
792 1219 905 1247 adven·
954 1225 1029 1263 ffiensse

0 1276 10 1302 n
47 1262 138 1288 ztare
165 1259 318 1288 credebat.
361 1259 447 1294 Mox,
470 1258 630 1295 liquidiore
655 1260 723 1288 luce
749 1260 906 1296 aperiente
950 1250 1035 1289 chiffl&

75 1299 202 1335 hostem,
221 1300 242 1329 C
258 1300 422 1336 quadrigas
438 1305 467 1329 et
482 1301 534 1329 1111
548 1300 629 1329 milia
643 1300 777 1338 equitum
794 1300 928 1331 venienti
948 1301 1059 1338 agmini

76 1341 195 1370 obiecit.
238 1342 305 1370 Dux
320 1345 384 1370 erat
399 1341 568 1378 copiarum,
590 1350 665 1378 quas
682 1341 850 1378 praemisit,
867 1343 985 1379 Hages,
1003 1344 1058 1372 frn-

45 1386 62 1413 3
75 1387 118 1412 ter
138 1382 252 1419 ipsius,
279 1391 396 1412 summa
415 1382 522 1411 virium
544 1383 573 1412 in
595 1383 742 1413 curribus.
786 1383 884 1413 Senos
900 1384 983 1413 viros
1000 1384 1061 1413 sin-

73 1423 135 1460 guli
146 1424 305 1457 vehebant,
320 1425 397 1453 duos
411 1425 578 1462 clypeatos‚
593 1425 669 1454 duos
685 1425 868 1462 sagittarios,
880 1425 919 1455 ab
931 1430 1060 1462 utroque

74 1466 168 1495 latere
187 1465 371 1502 dispositos:
401 1465 523 1502 aurigae
547 1470 632 1495 erant
647 1466 754 1501 ceteri,
782 1467 863 1496 haud
886 1475 960 1497 sane
982 1467 1059 1496 iner-

73 1514 154 1536 mes:
172 1507 288 1543 quippe
304 1507 400 1536 iacula
417 1509 582 1543 complura,
599 1507 650 1536 ubi
665 1507 833 1538 comminus
850 1508 1060 1544 proeliandum

44 1551 60 1576 4
71 1552 144 1583 erat,
160 1547 283 1577 omissis
301 1548 435 1583 habenis,
452 1548 480 1577 in
497 1549 615 1578 hostem
631 1548 815 1585 ingerebant.
855 1549 993 1579 Ceterum
1007 1550 1060 1579 vix

72 1589 151 1618 ullus
167 1597 243 1618 usus
265 1590 353 1618 huius
375 1590 479 1619 auxilii
501 1599 538 1620 eo
561 1590 609 1619 die
631 1590 693 1620 fuit.
735 1591 888 1627 Namque,
913 1595 947 1620 ut
967 1600 1060 1628 supra

73 1629 185 1660 dictum
207 1635 268 1665 est,
290 1630 384 1660 imber
398 1631 559 1661 violentius
577 1640 666 1668 quam
678 1632 754 1662 aIIas
770 1633 856 1661 susus
874 1640 1000 1670 campos
1017 1633 1058 1662 lu-

73 1670 175 1701 bricos
191 1676 220 1701 et
235 1671 448 1708 inequitabiles
465 1673 585 1709 fecerat,
603 1681 774 1710 gravesque
791 1678 820 1703 et
835 1675 1059 1711 propemodum

45 1716 61 1742 δ
73 1711 241 1742 immobiles
258 1721 363 1742 currus
379 1713 480 1743 illuvie
496 1723 532 1743 ac
548 1714 743 1751 voraginibus
759 1715 932 1745 haerebant.
950 1716 1060 1745 Contra

116 1761 197 1782 cunr.
214 1762 279 1783 nur.
813 1756 853 1786 14
