1210 1895
466 98 695 124 PRAEFATIO.
1062 105 1108 123 xm

70 168 185 193 absoluta
209 166 271 191 haec
291 170 328 191 est
354 166 432 198 Ieepii
454 165 494 198 (p.
520 165 596 197 420.)
620 167 771 192 coniectura.
815 167 898 200 Vulgo
918 171 1003 192 tantae
1025 175 1108 193 morae

88 203 182 227 retium.

68 210 86 234 p
137 236 180 262 Vl.
200 234 215 260 7
235 234 306 267 (25),
327 234 366 260 15.
388 235 489 260 Iolcum.
526 235 599 264 Quod
616 236 641 259 iu
656 236 729 260 codd.
748 235 972 265 eat,Iooewn,non
982 240 1020 261 est
1029 236 1106 261 Grae-

70 278 126 295 cum
146 277 246 294 nomeu.
282 269 366 295 Ioleus
383 269 433 294 alia
452 269 534 294 torma
553 273 590 293 est
611 270 720 294 nominis
739 270 826 294 Iolaus
844 270 884 295 vel
903 270 993 296 Iollas.

138 305 180 333 Vl,
201 303 217 329 9
236 302 307 336 (32),
327 303 351 327 2.
372 311 440 335 apes.
462 304 603 328 Etiamnum
617 303 666 328 hoo
682 312 768 328 verum
784 309 854 335 puto,
871 306 1019 337 praesertim
1030 313 1107 337 quum

70 343 208 370 aequantur
225 338 302 363 verba
320 338 420 362 adhuc
437 351 472 356 —
486 345 573 368 posse.
610 338 641 362 V.
662 339 735 370 epist.
756 346 780 370 p.
801 339 842 363 ⁴1.

139 374 179 401 Vl,
199 372 215 398 9
233 371 305 404 (33),
324 370 349 396 7.
377 373 546 404 indimatione
565 380 694 403 reprena.
740 373 824 405 Vulgo
841 380 946 404 pressa,
966 373 1039 398 codd.
1060 381 1106 398 ez·-

66 416 169 440 preua-
204 407 334 438 Rem-essa
353 408 512 439 aptissimum
530 412 580 431 est:
610 407 715 431 militum
734 408 802 432 enim
822 408 961 439 indignatio
980 408 1032 432 iam
1049 415 1105 432 eru-

70 448 141 476 perat
159 446 183 466 et
201 441 301 466 fremitu
319 449 347 465 se
367 442 519 466 ostenderat.
556 442 593 466 Re
606 446 630 465 et
643 449 678 466 ex
692 443 816 466 interdum
832 443 856 466 in
878 442 948 466 libris
968 449 1028 466 mss.
1047 449 1105 474 per-

69 482 203 502 mutamur.
241 475 282 500 Sic
302 476 353 501 Vll.
373 476 389 500 5
407 475 479 507 (23),
497 474 540 501 29.
560 475 623 500 Flor.
645 475 694 500 ΕΗ.
715 476 788 500 Bern.
809 477 836 500 B.
857 477 982 507 recipiunt
997 484 1043 509 pro
1058 484 1104 501 ex-

68 513 93 536 ct'
114 513 170 536 'nnn

87 519 118 543 μ
137 546 179 575 Vl,
198 542 215 569 9
234 543 302 576 (34).
322 544 363 569 21.
391 543 446 577 [Ιᾶ]
465 545 489 568 si
505 545 556 575 ipsi
572 545 730 569 admiseritis.
768 545 851 578 Vulgo
871 546 899 569 t‘d
914 546 938 569 st*
955 546 1010 576 ipse
1027 545 1104 569 admi·

67 582 108 606 sit.
145 580 170 604 ln
194 579 267 604 codd.
287 579 315 603 id
331 586 381 603 non
401 580 539 603 iuvenitur:
564 586 609 610 pro
627 580 681 610 ipse
699 579 813 611 plerique
832 585 855 604 et
875 580 963 611 optimi
983 579 1041 603 libri
1059 578 1103 603 ha-

69 616 126 640 bent
144 615 201 644 ipsi.
238 613 365 645 Vulgatae
383 614 497 638 lectionis
517 614 667 638 sententiam
686 622 735 639 non
754 621 810 639 ease
831 619 916 646 aptam
932 615 1010 646 probe
1026 614 1104 638 sensit

68 650 166 682 Ieepiue
185 650 224 680 (p.
246 647 314 679 61.).
351 648 438 679 Neque
457 649 522 672 enim
541 648 691 673 lamentatur
709 649 866 677 Alexander,
887 649 932 673 sed
951 648 1034 680 puniri
1051 648 1103 672 vult

68 683 190 708 Philotam
209 690 287 713 seque
306 683 440 707 vindicari:
460 690 541 713 neque
560 683 610 711 ille,
629 684 700 714 quasi
717 684 748 708 de
756 683 867 707 Philotae
884 683 977 707 scelere
997 683 1101 711 dubitet,

67 718 91 742 εἰ
108 718 206 742 admisit
222 721 306 748 potest
330 717 426 746 dicere,
454 725 530 748 quum
549 717 683 742 admisisse
709 725 766 742 eum
787 719 898 742 maxima
916 718 1101 742 asseveratione

68 752 182 777 affirmet.
225 751 278 775 Iam
304 751 368 775 Flor.
390 751 416 775 C.
443 751 520 775 habet
544 751 580 775 ad
601 753 699 781 miseri,
724 753 778 776 Iun.
798 752 865 776 Mod.
885 753 1013 777 dinaeisero:
1035 756 1102 776 recte

67 787 143 818 igitur
166 785 264 817 leepius
289 786 395 810 oonieoit
419 786 442 810 si
463 787 513 816 ipsi
535 786 694 811 admiseritis.
739 787 809 810 Hunc
834 791 934 811 secutus
963 793 1033 810 sum:
1062 793 1101 810 re-

67 821 129 845 tinui
149 825 232 844 tamen
252 820 335 847 etiam,
347 821 414 850 quod
432 819 618 844 Freinshemius
636 821 737 849 adiecit,
752 822 788 848 id,
803 821 871 851 quod
886 821 946 844 mihi
960 828 1009 845 non
1024 820 1100 845 modo

66 855 144 879 multo
163 855 260 883 tornius,
280 855 326 879 sed
345 855 419 879 etiam
438 856 607 879 necessarium
626 855 738 880 videtur:
757 856 807 886 {psi
819 856 885 880 enim
902 863 951 880 non
966 859 1003 879 est
1021 855 1099 879 nomi-

66 891 173 916 nativus.
195 890 241 913 sed
261 889 360 914 dativus
380 889 412 914 ad
432 889 555 913 Philotam
573 890 674 914 relatus.

133 925 174 952 Vl,
194 922 211 949 9
231 921 304 955 (34),
323 923 364 948 22.
396 925 481 954 ipsum.
519 923 560 948 Sic
580 932 624 956 pro
643 924 746 956 vulgato
767 926 816 955 ipsi
839 925 869 949 de
890 925 996 956 Zumptii
1016 925 1096 948 conie-

65 963 134 983 ctura
153 958 250 990 scripsi.
288 958 432 982 Alexander
449 959 515 982 enim
536 958 707 983 Parmenionis
726 959 829 990 fastigio
849 967 923 983 suum
943 959 1055 991 opponit.

131 993 173 1020 VI,
194 992 226 1017 10
244 991 316 1024 (37),
335 991 359 1017 9.
381 993 484 1017 Dimnus
499 1000 568 1025 sane,
587 994 614 1017 st*
629 994 720 1018 viveret
733 994 822 1023 adime,
840 997 872 1018 ut
886 995 957 1019 vellet
970 993 1026 1017 mila*
1035 1001 1094 1024 par-

63 1034 128 1053 cere.
166 1027 197 1050 V.
218 1027 292 1058 epist.
313 1035 338 1059 p.
358 1026 400 1052 41.

130 1061 152 1084 V
155 1062 172 1090 1,
196 1061 227 1086 10
245 1060 315 1092 (39).
337 1060 381 1086 28.
408 1062 470 1085 Dum
489 1063 626 1086 consulitur
644 1063 772 1091 Hammon,
793 1063 829 1086 du
839 1071 860 1086 m
878 1070 996 1087 arcanum
1014 1066 1038 1086 et
1056 1070 1095 1086 oc-

62 1096 148 1120 cultum
168 1097 258 1120 scelus.
295 1096 428 1126 Iupiter
447 1097 525 1120 enim
543 1109 586 1119 —.
622 1097 654 1121 V.
675 1097 746 1128 epist.
769 1104 794 1128 p.
816 1096 858 1121 ⁵21.

131 1130 182 1156 ΥΠ.
205 1130 212 1153 l
236 1129 289 1161 (4),
310 1128 351 1154 29.
380 1129 416 1154 Si
437 1137 498 1158 non,
522 1131 696 1160 propemodum
715 1133 745 1154 in
763 1135 815 1155 tua
834 1131 934 1156 verba
952 1135 1097 1155 erratum

61 1168 117 1187 eet.
155 1163 243 1188 Omnes
259 1177 303 1189 -.
340 1164 371 1188 V.
392 1165 465 1196 epist.
484 1172 510 1196 p.
530 1163 572 1189 23.

130 1198 182 1227 VH,
201 1198 218 1223 2
236 1195 290 1229 (7),
311 1197 353 1223 12.
368 1211 401 1216 —
417 1207 488 1230 quam
503 1198 590 1230 quibus
605 1199 842 1227 eluderentur.
862 1204 990 1231 reputans.
1012 1200 1096 1232 Vulgo

60 1232 184 1264 eluderet,
205 1233 230 1256 Z.
252 1233 283 1256 de
302 1232 396 1257 Heinsii
417 1234 558 1257 coniectura
577 1241 604 1257 se
623 1237 744 1258 tueretur.
783 1234 860 1258 Codd.
881 1234 952 1259 Leid.
974 1235 1049 1259 Voss.
1073 1236 1096 1263 1.

60 1266 132 1291 Bern.
151 1268 182 1291 A.
203 1267 267 1291 Flor.
292 1266 364 1291 EGH.
383 1268 456 1292 Bern.
477 1267 506 1291 Β.
525 1267 675 1292 eluderetur.
713 1269 812 1300 leepius
827 1270 866 1301 (p.
883 1267 941 1299 62.)
960 1277 1044 1293 veram
1060 1269 1094 1293 le-

59 1301 166 1326 ctionem
188 1301 250 1325 vidit
269 1309 325 1325 esse
348 1302 517 1326 eluderentur.

126 1336 178 1363 vn,
196 1334 213 1359 2
232 1335 302 1367 (10).
322 1334 366 1361 36.
395 1336 431 1360 Et
452 1338 494 1368 qm'
508 1337 577 1367 forte
596 1337 702 1361 taedium
720 1337 815 1362 laboris
838 1345 888 1369 per
905 1339 1004 1363 litteras
1022 1342 1095 1363 erant

58 1371 145 1400 questi.
183 1370 258 1395 Haec.
279 1378 343 1400 quae
363 1370 439 1402 vulgo
460 1371 525 1395 infra
544 1376 601 1403 post
619 1376 742 1403 exceptae
762 1376 820 1397 sunt
835 1372 963 1405 leguntur.
984 1373 1008 1397 in
1028 1373 1095 1397 hunc

58 1403 140 1428 locum
161 1405 346 1436 transponenda
366 1412 422 1429 esse
441 1405 514 1429 docui
535 1407 607 1438 epist.
627 1414 652 1438 p.
673 1406 716 1431 45.
754 1408 878 1431 Vitiorum
898 1407 946 1431 hoc
961 1415 1041 1440 genus
1055 1415 1094 1431 ra-

56 1438 109 1461 rius
128 1439 153 1463 in
175 1438 247 1462 codd.
270 1438 395 1463 Curtianis
415 1445 467 1467 est.
491 1439 689 1472 haudquaquam
717 1446 800 1466 tamen
819 1442 867 1466 hoc
886 1450 961 1465 unum
984 1443 1037 1466 eius
1056 1446 1093 1465 est

56 1472 206 1504 exemplum.
246 1473 300 1505 Ego
320 1482 378 1497 vero
401 1474 499 1498 facilius
517 1476 614 1506 putavi,
634 1476 770 1500 transferre
789 1477 866 1501 verba
885 1477 910 1500 in
929 1484 985 1500 eum
1002 1477 1092 1501 locum.

55 1514 105 1537 quo
125 1507 174 1531 iam
195 1508 325 1539 aptissime
344 1509 427 1539 posita
449 1513 519 1539 sunt,
545 1517 620 1540 quam
640 1518 696 1534 cum
716 1510 840 1534 Miitzellio
860 1516 918 1543 post
937 1519 967 1534 ea
983 1515 1092 1535 statuere

54 1541 183 1567 lacunam.
203 1549 279 1572 quam
299 1543 426 1572 quomodo
447 1543 550 1574 expleas
570 1545 681 1571 nescias.
709 1546 857 1576 praesertim
877 1553 954 1575 quum
973 1545 1016 1569 illa
1035 1546 1091 1577 ipsa

55 1580 110 1606 post
132 1576 207 1600 verba
226 1578 377 1608 querentium
395 1578 496 1601 litterae
514 1583 636 1608 exceptae
653 1583 710 1603 sunt
729 1579 907 1603 molestissima
926 1581 984 1603 sint.

122 1611 174 1638 V11.
193 1609 209 1634 3
229 1609 300 1641 (12).
319 1610 345 1635 8.
366 1612 447 1636 latere
462 1619 537 1642 puro.
577 1613 644 1644 Ego,
667 1613 728 1644 quid
746 1614 777 1637 sit
797 1615 877 1638 Iacere
892 1615 982 1644 primo.
1003 1628 1035 1631 —
1054 1614 1089 1637 sic

52 1651 118 1668 euim
139 1644 214 1676 vulgo
233 1646 363 1671 scribitur.
384 1659 418 1663 —
438 1646 520 1670 fateor
536 1654 575 1670 me
595 1648 701 1672 nescire.
745 1648 840 1672 Etenim
859 1648 901 1679 qui
926 1649 978 1672 fieri
997 1649 1087 1680 possit.

53 1682 78 1701 ut
96 1679 172 1703 verba
191 1683 288 1704 struunt
305 1681 386 1704 latere
400 1682 482 1711 primo
503 1681 644 1712 significem
666 1682 700 1709 id,
720 1683 788 1712 quod
808 1683 832 1706 Z.
850 1683 991 1714 significare
1006 1691 1034 1706 ea
1052 1681 1087 1706 af·

51 1711 146 1736 firmat:
177 1713 367 1738 fundamentum
387 1722 487 1744 quoque
507 1715 603 1740 faciunt
622 1723 654 1740 ex
672 1715 762 1745 latere,
786 1716 855 1741 haud
878 1725 939 1741 sane
963 1717 1080 1747 intelligo.
