1215 1895
295 83 367 112 LlB.
383 83 420 111 V.
443 82 525 112 CAP.
542 82 577 118 ll,
594 86 695 113 1-20-
716 92 756 120 tv,
776 94 834 115 7-0.
853 93 893 120 z.]
1071 82 1112 114 83

120 158 161 190 tis
175 157 316 194 eximiae,
331 158 384 187 ΧΠ
401 157 553 195 elephanti
568 166 586 187 a
599 158 697 188 Dareo
711 166 749 187 ex
763 157 848 188 India
862 157 960 194 acciti,
976 157 1035 188 iam
1049 167 1111 190 non

121 204 226 234 terror,
241 204 273 230 ut
284 203 470 237 speraverat,
482 199 693 235 Maeed6num,
710 200 766 229 sed
778 199 934 236 auxilium,
950 208 1026 237 opes
1039 200 1112 231 victi

81 242 159 273 uad
174 241 320 272 victorem
336 242 536 271 transferente
552 242 681 271 fortuna.
715 241 755 271 Ut
770 249 842 271 vero
859 242 964 272 urbem
980 242 1109 278 intravit,

121 283 328 313 incredibilem
350 291 389 312 ex
410 282 563 312 thesauris
589 291 738 313 summam
761 283 911 320 pecuniae
934 284 1064 320 egessit,
1087 284 1109 314 L

121 325 202 355 milia
225 325 366 355 talentum
389 324 506 361 argenti
528 332 589 355 non
612 325 722 362 signati
746 326 856 360 forma,
878 326 934 355 sed
949 325 1016 355 rudi
1033 334 1108 363 pon-

80 368 202 398 12dere.
238 366 321 396 Multi
345 374 434 403 reges
450 370 549 396 tantas
566 374 643 403 opes
660 367 751 404 longa
766 370 865 396 aetate
881 368 1110 398 cumulaverant

122 408 224 438 liberis
250 408 460 445 posterisque,
486 413 517 437 ut
543 408 780 443 arbitrabantur,
809 417 885 445 quas
907 417 968 438 una
987 409 1063 439 hora
1078 409 1108 439 in

81 455 113 481 13
121 450 237 480 externi
251 450 331 487 rogis
348 457 455 479 manus
471 449 578 479 intulit.
603 450 748 479 Consedit
763 451 874 480 deinde
889 451 918 480 in
936 450 1019 488 regia
1034 452 1110 480 sella

121 493 213 522 multo
229 491 408 526 excelsiore,
425 500 516 528 quarn
531 500 586 528 pro
604 491 707 521 habitu
722 491 872 528 corporis.
896 493 1001 529 ltaque
1017 501 1109 530 quum

120 533 218 571 pedes
238 533 330 563 imum
355 533 482 570 gradum
504 541 565 563 non
592 533 819 570 contingerent,
846 542 925 563 unus
953 542 991 563 ex
1016 534 1108 570 regiis

82 580 111 606 Η
121 574 223 612 pueris
244 582 379 605 mensam
405 574 539 604 subdidit
565 575 706 611 pedibus.
748 576 786 606 Et
811 583 904 612 quum
929 576 1108 612 spadonem,

122 617 173 654 qui
189 616 278 647 Darei
291 617 396 650 suerat,
413 615 664 653 ingemiscentem
677 617 894 654 conspexisset
906 626 970 653 rex,
986 625 1111 647 causam

122 658 290 688 maestitiae
304 657 474 696 requisivit.
501 659 554 688 llle
569 658 698 695 indIcat,
713 660 846 689 Dareum
859 658 946 689 vesci
962 659 991 688 in
1008 667 1044 689 ea
1059 668 1109 690 so-

123 700 205 730 litum
244 708 341 737 seque
363 708 481 730 sacram
503 699 570 730 eius
586 708 723 730 mensam
739 701 779 730 ad
794 701 957 731 ludibrium
972 701 1110 731 reciden-

83 748 111 772 15
121 747 179 771 lem
190 741 257 772 sine
269 741 401 772 lacrimis
414 741 595 778 conspicere
609 750 670 772 non
683 750 788 779 posse.
811 742 909 772 Subiit
921 751 994 780 crgo
1006 751 1109 780 regem

122 783 304 813 verecundia
327 782 652 820 violandi¹h0spitales
669 784 760 818 deos,
784 784 906 820 iamque
921 785 1050 814 subduci
1065 785 1110 815 iu-

120 825 225 861 bebat,
249 833 341 862 quum
357 824 504 855 Philotas:
531 825 655 855 Minime
666 834 735 856 vero
744 826 820 856 llaec
827 826 954 862 seceris,
972 835 1043 862 rex,
1058 828 1111 856 sed

119 875 202 897 omen
219 875 332 904 quoque
349 868 466 904 accipe,
485 875 628 901 mensam,
647 876 687 896 ex
704 876 763 904 qua
781 869 883 898 libavit
893 868 981 898 hostis
998 870 1106 906 epulas.

120 909 177 939 tuis
187 910 312 946 pedibus
321 917 383 938 esse
393 909 561 939 subiectam.

82 955 112 982 16
199 950 245 986 (9)
260 950 468 980 RexPers'idis
488 950 579 980 finem
592 950 729 981 aditurus
743 950 823 981 Susa
838 951 943 982 urbem
958 952 1108 982 Archelao

121 996 150 1022 et
170 992 358 1029 praesidium
379 993 417 1021 111
439 991 552 1022 milium
575 992 711 1022 tradidit:
736 993 911 1030 Xenophilo
937 993 1017 1024 arcis
1037 1002 1110 1024 cura

121 1034 261 1064 mandata
273 1038 335 1070 est,
346 1034 547 1064 Macedonum
562 1038 660 1063 aetate
676 1034 820 1071 gravibus
837 1035 1015 1072 praesidere
1029 1036 1109 1065 arcis

81 1080 110 1106 17
119 1075 278 1106 custodiae
299 1075 409 1106 iussis:
436 1076 649 1105 thesaurorum
670 1075 820 1106 Callicrati
836 1078 927 1107 tutela
943 1076 1108 1114 permissa:

122 1122 266 1154 satrapea
290 1116 426 1154 regionis
453 1116 603 1147 Susianae
628 1117 766 1148 restituta
787 1119 939 1148 Abulitae.
982 1118 1109 1149 Matrem

80 1164 111 1190 18
120 1167 244 1196 quoque
260 1158 349 1189 Darei
364 1163 393 1188 et
407 1158 521 1188 liberos
536 1158 566 1188 in
583 1159 781 1200 eadem-urbe
795 1159 929 1198 deponit.
970 1162 1016 1190 Ac
1032 1161 1109 1190 forte

119 1199 335 1230 Macedonicas
352 1205 454 1231 vestes
470 1201 656 1237 multamque
668 1209 834 1238 purpuram
856 1202 938 1232 dono
956 1210 995 1231 ex
1007 1202 1108 1232 Mace-

120 1243 213 1272 donia
224 1241 282 1272 sibi
296 1241 421 1272 missam
435 1250 503 1272 cum
518 1242 582 1277 his,
606 1250 686 1279 quae
701 1244 912 1279 confecerant,
929 1244 1005 1274 tradi
1021 1243 1108 1282 Sisy—

120 1283 221 1321 gambi
236 1283 333 1314 iubet:
350 1301 384 1306 —-
405 1284 487 1314 omni
507 1292 639 1321 namque
661 1284 778 1314 honore
793 1294 860 1315 eam
872 1290 902 1316 et
913 1285 966 1315 filii
983 1295 1108 1323 quoque

79 1330 110 1357 19
120 1326 230 1363 pietate
246 1326 503 1363 prosequebatur:
514 1342 559 1348 —
572 1326 792 1364 admonerique
803 1327 906 1362 iussit,
922 1333 968 1363 ut,
984 1328 1010 1357 si
1023 1328 1109 1358 cordi

120 1375 244 1405 quoque
259 1367 354 1398 vestis
368 1372 460 1403 esset,
476 1369 629 1397 conficere
641 1376 708 1397 eam
726 1374 834 1406 neptes
846 1378 919 1399 suas
931 1370 1108 1399 assueface-

119 1413 177 1439 ret:
194 1409 275 1439 dono
291 1417 341 1444 se,
358 1418 438 1447 quae
454 1410 614 1445 docerent,
632 1410 714 1440 dare.
748 1411 797 1440 Ad
809 1411 887 1440 hane
901 1419 1008 1440 vocem
1021 1411 1108 1440 lacri-

119 1459 186 1480 mae
210 1451 336 1481 obortae
353 1451 515 1488 prodidere
540 1453 673 1482 animum
698 1452 892 1489 aspernantis
918 1452 950 1482 id
979 1461 1106 1482 munus:

119 1492 234 1530 quippe
251 1501 309 1523 non
327 1492 409 1522 aliud
424 1492 521 1529 magis
531 1492 561 1522 in
573 1494 787 1524 contumeliam
802 1495 962 1524 Persarum
977 1494 1107 1524 feminae

76 1534 283 1571 mancipium,
306 1543 396 1571 quam
424 1535 589 1564 admovere
609 1536 697 1565 lanae
712 1544 830 1565 manus.
874 1535 1031 1571 Nuntiant,
1055 1535 1108 1573 qui

117 1576 198 1606 dona
213 1577 355 1610 tulerant,
379 1576 496 1606 tristem
510 1584 581 1606 esse
598 1576 819 1614 Sisygambim,
842 1577 996 1615 dignaque
1011 1586 1061 1608 res
1077 1582 1107 1608 et

118 1617 315 1648 excusatione
330 1622 361 1648 et
375 1617 485 1648 solatio
502 1618 577 1647 visa.
599 1619 671 1655 Ipse
686 1627 759 1656 ergo
775 1620 914 1657 pervenit
928 1620 967 1649 ad
983 1628 1052 1649 eam
1066 1624 1106 1655 et,

115 1659 230 1695 Mater,
247 1658 360 1697 inquit,
377 1660 456 1689 hanc
468 1665 584 1695 vestem,
604 1669 664 1697 qua
675 1662 795 1691 indutus
805 1670 883 1695 sum,
903 1670 1036 1692 sororum
1047 1670 1106 1692 non

118 1700 226 1731 donum
238 1703 343 1735 solum,
356 1702 410 1732 sed
419 1703 505 1731 etiam
518 1710 591 1738 opus
612 1703 708 1732 vides:
726 1705 820 1732 nostri
830 1704 973 1741 decepere
983 1712 1029 1733 me:
1040 1712 1100 1733 mo-

858 1745 877 1774 6
887 1746 899 1763 Ψ
