1215 1895
95 59 134 90 16
439 60 472 96 Q.
497 60 651 90 cumn
674 60 781 90 RUFi

94 136 269 165 Alexander
290 136 328 164 ad
351 136 470 170 fauces,
494 135 604 172 quibus
622 135 711 173 Syria
733 135 844 171 aditur,
867 139 896 164 ct
911 136 1026 165 Dareus
1042 135 1081 164 ad

95 185 163 206 eum
178 178 294 213 locum,
312 184 401 213 quem
415 177 579 206 Amanicas
594 177 685 215 Pylas
701 180 827 212 vocant,
850 177 996 213 pervenit.
1018 177 1080 205 Nec
1091 178 1123 205 14

95 218 272 248 dubitavere
286 218 408 255 Persae,
432 218 512 255 quin,
531 218 597 247 Isso
614 219 726 254 relicta,
744 226 833 255 quam
850 221 1002 254 ceperant,
1019 218 1081 246 Ma-

95 260 230 289 cedones
253 260 399 296 sugerent.
436 259 510 288 Nam
532 261 620 289 etiam
642 260 737 289 saucii
759 259 883 296 quidam
905 262 934 288 et
949 259 1080 295 invalidi,

95 302 146 337 qui
174 309 280 337 agmen
302 309 361 330 non
384 305 522 338 poterant
542 302 702 338 persequi,
727 300 847 338 excepti
868 303 962 329 erant.
996 300 1079 336 Quos
1091 303 1122 330 15

96 350 201 371 onmes
214 343 355 372 instinctu
368 347 602 379 purpuratorum
613 343 742 371 barbara
750 343 866 371 feritate
875 342 1082 378 saevientium,

95 384 242 421 praecisis
264 384 443 420 adustisque
465 384 611 417 manibus,
622 384 819 420 circumduci,
843 387 874 413 ut
889 384 992 420 copias
1009 391 1082 413 suas

95 429 272 461 noscerent,
295 427 432 462 satisque
454 426 593 455 omnibus
608 425 752 462 spectatis
770 425 921 460 nuntiare,
945 433 1023 462 quae
1038 425 1081 453 vi-

95 467 221 503 dissent,
238 468 301 503 regi
321 476 376 497 suo
394 468 490 496 iussit.
524 467 614 496 Motis
630 475 702 503 ergo
720 466 837 502 castris,
854 471 980 503 superat
994 465 1080 495 Pina-
1092 473 1124 500 16

94 516 159 537 rum
176 516 302 545 amnem,
320 509 349 537 in
367 509 468 545 tergis,
486 512 516 538 ut
531 509 681 544 credebat,
699 508 875 545 fugientium
890 508 1050 537 haesurus.

174 549 240 586 (21)
263 551 301 579 At
322 551 378 586 illi,
402 558 530 587 quorum
552 554 762 586 amputaverat
783 558 906 584 manus,
929 550 967 578 ad
983 553 1082 578 castra

94 591 294 621 Maced6num
322 595 494 628 penetrant,
526 593 668 627 Dareum,
695 595 806 628 quanto
834 591 964 620 maximo
990 599 1082 620 cursu

94 637 215 670 posset,
246 634 334 670 sequi
361 634 541 663 nuntiantes.
578 634 638 661 Vix
663 632 740 661 fides
767 632 941 662 habebatur.
976 633 1082 669 Itaque
1092 634 1123 660 17

95 676 304 711 speculatores
321 675 374 713 [in]
391 676 554 704 maritimas
566 675 708 710 regiones
721 673 909 710 praemissos
922 674 1082 710 explorare

94 716 184 752 iubet,
201 716 268 753 ipse
283 717 415 751 adesset,
433 725 470 745 an
484 717 706 753 praefectorum
719 716 828 752 aliquis
845 716 978 752 speciem
994 722 1081 752 prae-

94 758 212 787 buisset
228 757 361 787 universi
384 759 531 787 vementis
554 758 714 786 exercitus.
748 756 810 785 Sed
833 765 924 793 quum
942 757 1080 793 specula-
1093 757 1126 783 18

95 803 176 828 tores
193 803 421 835 reverterentur,
435 800 540 836 procul
556 799 663 835 ingens
677 798 834 827 multitudo
848 802 1013 834 conspecta
1025 801 1081 826 cst.

97 839 183 876 Ignes
201 841 312 869 deinde
328 841 397 870 totis
414 841 530 877 campis
548 841 699 870 collucere
715 843 897 876 coeperunt,
921 840 1082 875 omniaque

95 882 176 911 velut
191 883 354 911 continenti
372 883 511 912 incendio
525 882 633 911 ardere
646 882 720 917 visa,
738 890 829 918 quum
843 881 996 910 incondita
1009 880 1082 909 mul-

96 923 190 953 titudo
207 924 336 953 maxime
353 928 477 960 propter
491 924 623 953 iumenta
637 923 735 952 laxius
752 923 896 952 tenderet.
927 923 1032 959 Itaque
1046 929 1083 950 eo
1095 926 1125 952 19

94 965 162 1001 ipso
186 966 252 994 loco
270 966 375 994 metari
397 974 471 995 suos
488 969 585 994 castra
601 965 744 998 iusserat,
769 964 880 999 laetus,
904 964 985 1000 quod
1003 963 1082 992 omni

94 1007 263 1043 expetierat
278 1011 358 1043 voto,
374 1007 403 1036 in
420 1007 477 1036 illis
491 1007 682 1043 potiSsimum
695 1006 846 1042 angustiis
859 1005 1083 1034 decernendum

96 1048 169 1076 fore.
194 1047 340 1084 Ceterum,
357 1052 389 1078 ut
404 1049 482 1077 solet
497 1049 570 1082 fieri,
595 1056 687 1084 quum
703 1048 795 1077 ultimi
812 1047 995 1076 discriminis
1011 1050 1125 1078 tem-20

96 1097 153 1126 pus
180 1089 337 1125 adventat,
361 1089 389 1118 in
412 1090 645 1119 sollicitudinem
668 1097 757 1118 versa
780 1088 891 1117 fiducia
906 1092 962 1118 est.
1000 1088 1084 1117 lllam

95 1131 193 1167 ipsam
210 1131 367 1167 fortunam,
386 1140 445 1168 qua
461 1130 614 1167 aspirante
631 1139 679 1160 res
695 1134 754 1160 tam
771 1137 920 1168 prospere
935 1133 1083 1167 gesserat,

94 1172 386 1207 verebatur‚—nec
408 1173 514 1201 iniuria
540 1180 577 1201 ex
600 1172 661 1206 his,
690 1180 768 1208 quae
790 1172 945 1201 tribuisset
966 1171 1084 1207 sibi,—

96 1221 249 1250 quamque
270 1214 420 1242 mutabilis
436 1217 519 1242 esset
534 1214 706 1249 reputabat:
740 1221 831 1242 unam
847 1220 1013 1249 superesse
1030 1221 1083 1241 no-

96 1258 186 1290 ctem,
211 1264 289 1292 quae
311 1256 382 1284 tanti
398 1255 579 1284 discriminiS
596 1258 762 1284 moraretur
778 1257 927 1283 eventum.
964 1255 1082 1283 Rursus
1092 1260 1120 1287 21

96 1297 290 1332 occurrebat,
317 1298 432 1326 maiora
458 1296 600 1333 periculis
629 1297 775 1332 praemia,
802 1299 831 1324 et
856 1296 933 1324 sicut
960 1296 1083 1324 dubium

96 1342 193 1374 esset,
210 1347 247 1367 an
265 1338 406 1371 vinceret,
423 1338 463 1367 ita
479 1338 550 1367 illud
568 1338 670 1374 utique
687 1342 799 1366 certum
815 1345 894 1373 esse,
912 1337 1039 1366 honeste
1056 1341 1084 1366 et

97 1387 164 1408 cum
198 1388 306 1415 magna
338 1380 426 1408 laude
455 1380 639 1408 moriturum.
682 1380 786 1416 Itaque
815 1387 945 1415 corpora
974 1379 1082 1407 milites
1092 1381 1125 1406 22

97 1429 203 1450 curare
224 1421 312 1450 iussit
335 1429 369 1450 ac
386 1421 495 1449 deinde
512 1421 598 1450 tertia
615 1421 715 1457 vigilia
730 1421 892 1450 instructos
909 1424 938 1449 et
952 1424 1084 1449 armatos

97 1470 176 1491 esse.
200 1463 269 1498 lpse
286 1463 313 1491 in
333 1463 434 1498 iugum
450 1463 520 1491 editi
537 1463 645 1492 montis
661 1461 799 1491 ascendit
813 1462 975 1498 multisque
992 1462 1083 1490 collu-

78 1504 234 1533 .eentibus
258 1505 375 1533 facibus
398 1505 492 1540 patrio
514 1512 598 1533 more
620 1504 801 1533 sacrificium
817 1503 876 1532 diis
891 1503 1083 1540 praesidibus

99 1545 156 1573 loci
172 1546 251 1574 fecit.
291 1546 412 1581 lamque
427 1546 551 1579 tertium,
571 1546 648 1575 sicut
665 1549 859 1582 praeceptum
876 1548 946 1580 erat,
965 1544 1126 1580 signum23

98 1587 170 1616 tuba
196 1587 281 1615 miles
309 1591 483 1623 acceperat,
510 1587 605 1616 itineri
631 1588 719 1616 simul
746 1591 868 1624 paratus
895 1594 930 1614 ac
952 1586 1083 1622 proelio:

98 1631 284 1664 strenueque
310 1628 384 1656 iussi
409 1630 576 1664 procedere
598 1630 712 1658 oriente
734 1629 800 1657 luce
823 1630 1025 1664 pervenerunt
1046 1627 1085 1655 ad

100 1674 271 1706 angustias,
301 1678 376 1706 quas
400 1678 551 1706 occupare
574 1671 779 1699 decreverant.
817 1671 945 1699 Dareum
967 1669 1127 1705 trigintaffl
