1215 1905
137 107 201 138 200
482 107 514 143 o.
538 107 693 136 cumn
716 98 823 137 Ru'F1

139 182 252 220 equitat
266 183 435 218 moenibus,
453 183 561 219 sagitta
576 181 653 212 ictus
670 186 724 212 est.
748 182 832 219 Cepit
849 187 944 212 tamen
962 184 1119 221 oppidum,

138 229 180 260 et,
205 224 344 253 omnibus
366 223 475 253 incolis
498 224 563 253 eius
584 224 755 259 trucidatis,
779 224 868 253 etiam
883 225 911 252 in
928 228 1006 254 tecta
1021 225 1118 255 saevi—

139 270 199 295 tum
215 270 270 295 est.

220 307 287 342 (35)
309 307 399 342 Inde,
422 306 534 336 domita
555 306 679 343 ignobili
701 311 805 343 gente,
827 308 865 336 ad
886 307 1000 345 Nysam
1014 307 1118 336 urbem
1132 311 1147 338 7

139 348 286 385 pervenit.
322 349 411 378 Forte
433 348 540 378 castris
557 352 625 377 aute
641 348 708 384 ipsa
723 348 841 377 moenia
856 349 885 377 in
903 348 1034 378 silvestri
1049 349 1118 378 loeo

138 389 256 426 positis,
273 394 452 419 nocturnum
468 388 562 426 frigus
577 389 785 419 vehementius
802 399 890 426 quam
907 391 981 419 alias
993 390 1119 419 horrore

137 439 268 468 corpora
283 431 398 467 affecit,
421 436 687 468 opportunumque
709 431 874 461 remedium
892 431 971 468 ignis
988 432 1118 460 oblatum

137 478 191 502 est.
233 472 338 502 Caesis
364 473 477 509 quippe
499 473 584 502 silvis
607 472 756 501 flammam
782 473 1004 507 excitaverunt,
1031 481 1117 509 quae,
1129 478 1146 503 8

136 514 196 550 igni
212 514 296 549 alita,
314 514 537 551 oppidanorum
554 515 695 551 sepulcra
718 514 955 550 comprehendit.
991 515 1118 543 Vetusta

136 556 228 585 cedro
242 560 326 585 erant
343 557 420 585 facta
436 560 678 592 conceptumque
693 555 792 591 iguem
809 557 866 585 late
884 556 1002 590 ludere,
1019 556 1118 585 donec

136 597 236 626 omnia
251 598 317 627 solo
334 602 463 634 aequata
479 602 557 626 sunt.
592 598 627 626 Et
644 605 682 626 ex
704 597 777 626 urbe
798 597 925 634 primum
947 606 1054 627 canum
1077 598 1116 626 la-
1130 601 1147 627 9

137 643 244 674 tratus,
266 639 376 667 deiude
392 639 480 668 etiam
497 638 649 668 hominum
668 638 801 668 fremitus
817 638 937 668 auditus
953 643 1008 668 est.
1043 639 1116 667 Tum

137 685 165 709 et
181 680 328 716 oppidani
344 680 471 715 hostem,
487 680 706 709 etMaced611es
720 680 758 709 ad
771 681 876 709 urbem
892 681 978 717 ipsos
993 679 1117 709 venisse

137 726 334 757 cognoscunt.
368 722 491 758 Iamque
507 730 560 750 rex
577 722 724 750 eduxerat
739 721 843 758 copias
860 726 889 751 et
904 721 1023 751 moenia
1038 721 1160 751 obsi-10

135 764 240 797 debat,
266 771 358 799 quum
373 763 520 798 hostIum,
543 763 593 799 qui
610 763 771 792 discrimen
790 767 990 797 tentaverant,
1018 763 1116 792 obruti

136 805 201 834 telis
218 809 296 834 sunt.
340 804 417 833 Aliis
434 813 506 841 ergo
522 805 721 838 deditionem,
746 805 813 833 aliis
835 813 967 841 pugnam
985 804 1116 840 experiri

135 847 288 883 placebat:
313 855 441 883 quorum
458 846 643 875 dubitatione
660 850 815 882 comperta
831 845 1037 875 circumsideri
1052 849 1114 874 tan-

135 893 195 917 tum
211 896 265 916 eos
282 892 312 917 et
327 887 471 917 abstineri
493 887 638 916 caedibus
654 888 756 916 iussit:
781 888 961 923 tandemque
983 886 1155 916 obsidio-11

134 929 180 958 nis
196 929 282 958 malis
299 929 411 964 fatigati
428 928 572 958 dedidere
589 937 631 958 se.
659 930 685 957 A
700 928 808 958 Libero
824 929 910 958 Patre
926 928 1065 957 conditos
1082 936 1116 957 se

135 979 204 1000 esse
220 971 374 999 dicebant:
391 975 420 999 et
437 979 508 999 vera
523 970 598 999 haee
615 970 699 1006 origo
717 974 788 999 erat.
826 969 887 998 Sita
904 973 951 998 est
966 970 1023 998 sub
1038 969 1115 997 radi—
1125 973 1158 998 12

134 1012 220 1041 cibus
236 1012 355 1045 montis,
374 1020 464 1048 quem
479 1012 583 1040 Meron
600 1011 717 1040 incolae
733 1012 896 1047 appellant.
918 1010 992 1039 Inde
1009 1010 1115 1039 Graeci

133 1053 296 1082 mentiendi
314 1057 431 1082 traxere
447 1053 606 1088 licentiam,
623 1052 705 1081 Iovis
722 1052 830 1081 semiue
845 1052 985 1081 Liberum
1000 1051 1116 1081 Patrem

133 1104 204 1124 esse
220 1096 358 1124 celatum.

215 1136 281 1171 (36)
304 1137 384 1171 Rex,
407 1135 467 1165 situ
488 1135 598 1165 montis
622 1135 742 1172 cognito
759 1144 795 1164 ex
818 1135 942 1171 incolis,
963 1143 1030 1164 cum
1052 1137 1114 1163 toto
1125 1137 1157 1164 13

133 1177 276 1213 exercitu,
294 1177 471 1214 praemissis
485 1177 711 1212 commeatibus,
730 1177 871 1206 verticem
888 1176 952 1206 eius
968 1174 1114 1206 ascendit.

133 1219 225 1248 Multa
239 1219 353 1248 hedera
368 1219 499 1256 vitisque
516 1223 578 1248 toto
594 1218 725 1255 gignitur
739 1223 853 1247 monte:
877 1219 986 1247 multae
1006 1225 1114 1254 peren-

131 1269 186 1294 nes
203 1269 302 1297 aquae
318 1266 448 1289 manant.
491 1261 652 1290 Pomorum
675 1268 796 1296 quoque
818 1259 893 1288 varii
915 1259 1114 1295 salubresque
1124 1263 1156 1288 14

133 1302 198 1331 suci
219 1307 303 1337 sunt,
326 1311 383 1331 sua
399 1305 507 1338 sponte
529 1301 719 1331 fortuitorum
736 1301 882 1330 seminum
905 1302 1006 1337 fruges
1023 1300 1113 1329 humo

132 1343 289 1373 nutriente.
313 1343 401 1372 Lauri
413 1343 614 1379 baccarisque
627 1343 720 1372 multa
731 1342 759 1371 iu
772 1342 830 1371 illis
845 1342 971 1378 rupibus
984 1341 1114 1378 agrestis

131 1389 178 1414 est
193 1385 279 1414 silva.
303 1386 399 1414 Credo
416 1384 572 1421 equidem,
591 1393 651 1414 non
667 1383 769 1413 divino
786 1383 937 1419 instinctu,
955 1384 1011 1413 sed
1025 1382 1112 1412 lasci>
1123 1387 1154 1411 15

132 1426 181 1455 via
196 1435 267 1456 esse
283 1430 461 1463 provectos,
478 1430 509 1455 ut
524 1425 640 1462 passim
655 1425 787 1454 hederae
803 1433 839 1454 ac
854 1425 957 1454 vitium
973 1425 1044 1453 solia
1060 1424 1113 1453 de-

132 1473 291 1505 cerperent
302 1467 493 1504 redimitique
507 1467 613 1496 fronde
627 1471 687 1496 toto
701 1475 824 1496 nemore
837 1466 950 1495 similes
962 1466 1113 1495 bacchan-

132 1509 210 1539 tibus
238 1514 428 1546 vagarentur.
470 1508 607 1538 Vocibus
633 1516 705 1545 ergo
733 1511 775 1538 tot
800 1507 913 1537 milium
941 1506 1154 1544 praesidemifi

132 1551 264 1580 nemoris
280 1551 346 1580 eius
369 1552 458 1580 deum
478 1550 667 1579 adorantium
682 1550 753 1586 iuga
767 1549 877 1579 montis
895 1549 1052 1584 collesque
1067 1556 1111 1577 re-

132 1593 289 1628 sonabant,
306 1601 399 1629 quum
415 1596 480 1622 orta
491 1591 612 1621 lieentia
623 1600 642 1620 a
654 1591 770 1628 paucis,
787 1595 818 1620 ut
830 1591 892 1619 fere
905 1591 945 1626 fit,
961 1589 990 1618 in
1007 1597 1112 1618 omnes

132 1642 165 1663 se
181 1638 306 1670 repente
334 1634 498 1670 vulgasset.
542 1632 659 1669 Quippe
681 1633 762 1662 velut
782 1633 811 1661 in
833 1631 932 1661 media
957 1638 1033 1667 pace
1059 1633 1153 1666 peri?

131 1675 241 1704 herbas
257 1680 475 1712 aggestamque
491 1675 628 1704 frondem
644 1678 836 1711 prostravere
852 1680 990 1709 corpora.
1007 1671 1044 1700 Et
1058 1679 1113 1700 rex

132 1716 282 1745 fortuitam
298 1716 440 1746 laetitiam
452 1724 512 1746 non
525 1721 692 1750 aversatus,
710 1716 791 1751 large
803 1715 842 1744 ad
855 1714 960 1750 epulas
972 1712 1112 1742 omnibus
