1215 1895
77 107 119 137 44
425 107 458 143 Q.
482 107 636 136 CURTlI
658 107 766 136 RUFI

78 181 138 211 iam
153 181 313 219 quiescere
329 186 358 210 et
373 190 432 211 non
448 189 543 218 posse
560 186 620 211 tum
635 181 726 217 adiri,
751 186 883 212 ceterum
897 188 1002 219 patere
1017 191 1066 213 so-

79 223 126 253 cio
143 227 235 260 atque
249 221 363 260 hospiti
378 227 498 259 portum
536 226 566 251 et
595 227 720 259 postera
742 222 790 252 die
811 223 995 253 Pharnabazi
1017 232 1067 255 co-

80 264 160 301 piam
187 265 251 293 sore
272 263 431 293 affirmant.
472 265 534 293 Nec
560 263 707 294 dubitavit
731 264 925 294 Aristonicus
951 265 1065 302 primus
1075 271 1107 296 21

79 306 204 335 intrare:
231 305 329 335 secuti
351 310 421 335 sunt
441 306 549 335 ducem
568 305 686 342 piratici
701 306 806 342 lembi,
835 314 870 335 ac
886 307 957 335 dum
972 307 1066 343 appli-

79 352 147 376 cant
163 346 284 384 navigia
299 346 447 384 crepidini
470 350 591 384 portus,
618 346 757 377 obiicitur
776 355 794 376 a
817 347 960 384 vigilibus
987 349 1066 377 clau-

78 393 181 425 strum,
205 392 241 423 et,
265 388 316 425 qui
331 388 462 425 proximi
478 388 678 424 excubabant,
705 389 743 417 ab
758 388 866 418 iisdem
882 390 1068 419 excitantur·

78 430 160 460 nullo
182 438 221 459 ex
242 429 289 459 his
305 438 381 459 auso
407 438 593 467 repugnare,
621 429 761 459 omnibus
787 435 912 460 catenae
939 430 1067 460 iniectae

78 475 163 507 sunt,
189 471 376 508 Amphotero
400 471 511 501 deinde
525 471 764 507 Hegelochoque
780 472 946 502 traduntur.
989 471 1065 501 Hinc
1076 479 1108 503 22

77 512 260 542 Macedones
279 512 426 542 transiere
441 513 615 550 Mitylenen,
636 521 726 549 quam
742 512 854 543 Chares
869 513 1066 543 Atheniensis

77 562 176 591 nuper
191 558 370 590 occupatam
386 554 515 584 duorum
530 553 644 583 milium
664 554 824 584 Persarum
846 554 1000 592 praesidio
1023 559 1065 584 te-

78 595 183 625 nebat:
210 595 266 624 sed
282 604 374 632 quum
396 595 587 625 obsidionem
610 597 740 625 tolerare
759 604 819 625 non
842 600 964 633 posset,
992 597 1067 625 urbe

79 637 200 672 tradita,
229 641 351 673 pactus,
378 641 411 666 ut
432 636 574 666 incolumi
596 637 679 666 abire
702 637 820 674 liceret,
836 638 966 667 Imbrum
982 638 1066 674 petit.

79 677 193 708 Deditis
210 678 394 708 Macedones
411 682 622 715 pepercerunt.

512 747 605 776 CAP.
628 748 680 776 VI.

158 807 224 843 (25)
246 808 378 842 harem,
395 807 557 843 desperata
574 815 664 843 pace,
681 815 771 843 quam
787 815 841 844 per
855 807 968 836 litteras
984 808 1064 844 lega·
1092 812 1103 837 1

77 853 187 885 tosque
203 848 357 885 impetrari
379 856 474 885 posse
496 849 679 884 crediderat,
705 849 743 877 ad
769 849 956 884 reparandas
982 849 1064 879 vires

77 890 250 927 bellumque
266 889 393 926 impigre
410 890 618 919 renovandum
640 889 767 919 intendit
781 890 920 919 animum.
963 891 1063 919 Duces
1090 895 1106 919 2

76 939 148 968 ergo
171 931 327 968 copiarum
346 931 547 969 Babyloniam
569 931 747 968 convenire,
773 931 903 961 Bessum
931 939 1062 968 quoque,

76 972 306 1003 Bactrianorum
321 973 438 1009 ducem,
456 981 589 1010 propere
609 981 698 1009 quam
711 973 841 1002 maximo
855 977 963 1010 posset
978 980 1063 1002 exer-

77 1013 136 1044 citu
152 1019 269 1050 coacto,
286 1015 475 1044 descendere
491 1015 530 1043 ad
546 1022 580 1044 se
595 1014 686 1044 iubet.
710 1014 786 1044 Sunt
800 1018 900 1044 autem
914 1013 1065 1044 Bactriani
1089 1018 1106 1044 3

76 1055 153 1085 inter
168 1056 234 1085 illas
251 1060 357 1093 gentes
372 1055 606 1093 promptissimi,
625 1055 756 1085 horridis
780 1055 908 1093 ingeniis
924 1057 1061 1085 multum-

76 1105 136 1133 que
155 1106 172 1126 a
186 1097 344 1127 Persarum
360 1098 432 1127 luxu
448 1097 695 1126 abhorrentibus:
713 1097 762 1126 siti
773 1097 855 1126 haud
867 1098 974 1134 procul
988 1097 1062 1134 Scy-

75 1139 192 1168 tharum
208 1138 444 1169 bellicosissima
459 1143 548 1176 gente
563 1143 593 1168 et
607 1143 694 1175 rapto
715 1138 819 1167 vivere
840 1143 963 1168 assueta
985 1146 1061 1168 sem-

75 1187 131 1216 per
145 1179 174 1208 in
191 1180 282 1209 armis
299 1184 393 1209 erant.
436 1180 497 1210 Sed
512 1180 643 1215 Bessus,
662 1184 807 1216 suspecta
822 1179 966 1217 perfidia,
982 1180 1064 1209 haud
1088 1183 1105 1209 4

74 1229 149 1250 sane
164 1229 263 1258 aequo
280 1221 379 1250 animo
395 1222 423 1250 in
440 1222 576 1251 secundo
598 1230 632 1250 se
648 1222 805 1251 continens
828 1222 938 1258 gradu,
962 1229 1062 1258 regem

73 1263 211 1291 terrebat.
248 1263 322 1291 Nam
338 1271 429 1299 quum
444 1270 569 1299 regnum
586 1263 748 1299 affectaret,
764 1263 905 1299 proditio,
923 1271 982 1299 qua
997 1263 1063 1292 sola

75 1303 106 1332 id
121 1303 247 1341 assequi
262 1308 389 1340 poterat,
407 1304 575 1333 timebatur,

152 1345 289 1375 Ceterum
303 1346 487 1381 Alexander,
505 1353 594 1382 quam
611 1345 764 1382 regionem
787 1345 904 1374 Dareus
926 1344 1062 1382 petisset,
1088 1351 1103 1376 5

74 1386 155 1415 omni
171 1395 243 1416 eura
257 1387 429 1423 vestigans,
453 1391 552 1416 tamen
569 1388 731 1423 explorare
746 1395 806 1416 non
824 1391 955 1423 poterat,
978 1394 1062 1415 more

75 1429 208 1464 quodam
223 1428 381 1457 Persarum
397 1436 508 1457 arcana
523 1436 626 1465 regum
643 1428 717 1458 mira
732 1428 892 1458 celantium
908 1428 978 1457 fide.
994 1428 1061 1456 Non
1088 1433 1104 1459 6

74 1474 182 1505 metus,
197 1479 257 1499 non
274 1478 347 1506 spes
364 1469 443 1499 elicit
456 1477 574 1505 vocem,
591 1478 650 1506 qua
667 1470 834 1506 prodantur
850 1469 978 1498 occulta.
1000 1470 1060 1498 Ve-
1086 1482 1089 1483 ⁷

73 1516 120 1540 tus
147 1511 308 1548 disciplina
333 1519 437 1548 regum
463 1511 613 1540 silentium
639 1511 718 1541 vitae
743 1511 877 1548 periculo
911 1514 1062 1539 sanxerat.

71 1552 187 1589 Lingua
214 1552 337 1589 gravius
365 1552 543 1589 castigatur,
575 1561 665 1589 quam
691 1553 784 1582 ullum
811 1552 971 1589 probrum:
1005 1559 1062 1580 nec

72 1602 211 1630 magnam
236 1602 299 1623 rem
324 1593 420 1631 magis
447 1594 589 1624 sustineri
612 1602 705 1630 posse
728 1594 854 1623 credunt
875 1593 913 1622 ab
935 1601 987 1629 eo,
1014 1592 1062 1621 cui

72 1638 172 1664 tacere
198 1643 290 1672 grave
316 1635 368 1672 sit,
397 1636 479 1673 quod
501 1635 614 1665 homini
640 1634 811 1664 facillimum
836 1634 966 1664 voluerit
991 1641 1061 1662 esse

73 1681 188 1706 natura.

152 1718 219 1754 (26)
240 1718 283 1747 Ob
299 1719 376 1747 hanc
393 1727 515 1748 causam
530 1719 704 1748 Alexander
720 1717 867 1754 omnium,
886 1725 964 1754 quae
979 1716 1061 1754 apud
1086 1719 1101 1747 7
