1215 1905
108 132 170 163 264
450 132 482 168 Ω.
506 132 661 161 cURTll
683 132 792 162 RUFI

104 207 274 237 Arrhidaeo
298 210 503 243 contemptum
525 206 700 237 attulerunt:
729 206 844 243 quippe
859 207 930 235 dum
945 206 1089 237 miseren-

105 253 168 284 tur,
190 248 279 278 etiam
302 249 404 277 favere
426 253 600 285 coeperunt.
641 247 734 284 Igitur
748 257 808 277 non
824 247 914 277 alium
929 256 1031 284 regem
1045 256 1088 284 se,
1101 252 1118 278 6

107 298 197 327 quam
209 297 288 326 eum,
301 289 353 326 qui
368 290 407 318 ad
421 290 499 319 hanc
515 298 602 326 spem
617 289 735 326 genitus
751 293 842 325 esset,
860 297 1007 326 passuros
1022 297 1090 326 per-

105 331 196 361 tinaci
222 330 439 360 acclamatione
464 332 618 360 declarant
638 330 806 367 vocarique
825 330 1024 360 Arrhidaeum
1046 330 1090 359 iu-

105 373 185 402 bent,
228 372 321 408 Quem
336 372 488 409 Meleager
502 372 631 401 infestus
646 371 826 408 invisusque
839 371 1001 401 Perdiccae
1017 375 1090 401 stre-
1103 376 1118 402 7

105 422 164 444 nuc
181 413 318 449 perducit
332 413 362 442 in
378 413 507 450 regiam:
523 417 552 443 et
566 413 675 443 milites
690 413 859 450 Philippum
871 413 1091 443 consalutatum

105 463 208 492 regem
223 455 386 491 appellant.

186 495 255 531 (23)
285 496 422 525 Ceterum
443 496 519 525 haec
539 495 623 532 vulgi
644 501 709 526 erat
733 504 809 531 vox,
835 495 1006 533 principum
1031 495 1119 526 alia&

107 537 265 567 sententia.
307 538 332 566 E
354 537 465 574 quibus
484 536 591 567 Pithon
614 537 773 567 consilium
792 536 956 567 Perdiccae
978 536 1090 573 exequi

106 578 206 615 coepit
228 583 404 615 tutoresque
427 578 558 608 destinat
577 578 639 608 filio
661 587 700 607 ex
714 580 840 608 Roxane
856 579 955 608 futuro
970 578 1089 608 Perdic-

105 628 171 649 cam
186 623 216 649 et
231 620 432 655 Leonnatum,
457 620 552 656 stirpe
573 620 657 656 regia
676 620 805 657 genitos.
847 619 981 655 Adiecit,
1007 623 1040 649 ut
1060 619 1090 648 in
1103 623 1119 650 9

103 661 227 698 Europa
253 661 394 690 Craterus
421 666 451 690 et
475 661 635 698 Antipater
655 670 706 691 res
721 661 974 691 administrarent.
1015 661 1088 690 Tum

104 702 313 732 iusiurandum
329 711 347 731 a
362 701 489 738 singulis
503 707 650 738 exactum,
664 704 781 732 futuros
797 703 827 732 in
843 706 994 740 potestate
1009 702 1090 739 regis

103 743 196 781 geniti
212 744 399 773 Alexandro.
441 744 593 780 Meleager
613 745 694 773 haud
715 744 824 774 iniuria
845 748 926 773 metu
949 743 1091 780 supplicii
1100 749 1133 773 10

104 785 224 815 territus
241 793 309 814 cum
326 785 390 815 suis
413 789 593 814 secesserat.
637 787 754 815 Rursus
776 785 946 822 Philippum
968 785 1089 815 trahens

105 835 209 856 secum
224 826 330 863 irrupit
342 828 370 856 in
381 827 503 863 regiain,
515 826 681 862 clamitans,
692 826 851 864 suffragari
867 827 934 863 spei
951 826 1090 863 publicae

104 869 142 897 de
158 877 238 897 novo
255 876 326 905 rege
342 869 433 904 paulo
450 872 519 897 ante
534 873 701 905 conceptae
717 869 809 897 robur
824 868 945 897 aetatis:
969 868 1088 904 experi-

103 914 206 939 rentur
221 910 311 938 modo
328 910 453 946 stirpem
473 909 603 946 Philippi
623 914 652 939 et
672 909 765 938 filium
786 918 821 938 ac
843 910 963 938 fratrem
984 916 1090 945 regum
1175 933 1183 946 2

102 952 246 980 duorum:
264 950 460 987 sibimetipsis
476 950 668 987 potissimum
684 952 851 980 crederent.
884 951 1003 978 Nullum
1019 958 1089 986 pro·
1098 953 1130 978 11
1182 975 1183 979 ,

103 993 228 1022 fundum
244 1000 340 1027 mare,
357 993 470 1021 nullum
483 995 603 1020 vastum
619 992 726 1022 fretum
749 996 778 1021 et
799 992 1004 1028 procellosum
1026 996 1088 1020 tan-

104 1039 150 1064 tos
167 1033 225 1063 ciet
240 1033 366 1067 fluctus,
385 1037 515 1069 quantos
531 1033 689 1063 multitudo
706 1037 805 1062 motus
820 1033 926 1069 habet,
941 1032 1046 1068 utique
1062 1031 1089 1061 si

102 1080 130 1105 et
151 1084 230 1104 nova
252 1079 281 1104 et
302 1074 386 1104 brevi
408 1075 551 1104 duratura
571 1074 707 1104 libertate
729 1074 867 1104 luxuriat.
910 1073 1000 1103 Pauci
1020 1074 1132 1103 Per-12

102 1116 208 1145 diccae
231 1117 321 1145 modo
342 1117 454 1150 electo,
482 1116 585 1152 plures
605 1116 760 1153 Philippo,
788 1124 878 1153 quem
899 1119 1088 1152 spreverant,

101 1157 260 1194 imperium
277 1158 396 1187 dabant.
437 1157 499 1187 Nec
522 1157 598 1186 velle
621 1165 677 1186 nec
693 1159 773 1187 nolle
789 1158 951 1194 quicquam
967 1157 1018 1186 diu
1034 1165 1087 1193 po-

101 1203 210 1234 terant,
238 1199 474 1236 poenitebatque
497 1199 588 1228 modo
611 1198 745 1234 consilii,
771 1199 862 1228 modo
884 1197 1088 1236 poenitentiae

100 1241 207 1277 ipsius.
251 1241 300 1269 Ad
316 1241 451 1270 ultimum
467 1245 566 1270 tamen
583 1240 613 1269 in
630 1240 753 1277 stirpem
768 1240 882 1277 regiam
904 1239 1087 1269 inclinavere

101 1282 218 1312 studiis.
262 1282 403 1311 Cesserat
418 1291 456 1311 ex
472 1282 621 1311 concione
636 1282 833 1317 Arrhidaeus,
851 1281 1021 1318 principum
1035 1283 1128 1310 :iu-13

100 1324 237 1353 ctoritate
253 1324 447 1353 conterritus:
475 1328 519 1358 et,
543 1324 672 1352 abeunte
693 1323 760 1358 illo,
783 1322 970 1352 conticuerat
988 1321 1085 1358 magis

100 1373 191 1402 quam
206 1366 364 1401 languerat
378 1364 515 1394 militaris
532 1365 627 1394 favor.
670 1366 776 1401 ltaque
792 1368 954 1393 revocatus
970 1367 1087 1392 vestem

101 1407 200 1436 fratris
212 1423 254 1428 ——
265 1415 332 1435 eam
347 1406 455 1443 ipsam,
473 1414 551 1442 quae
566 1405 596 1434 in
612 1407 688 1435 sella
703 1405 804 1442 posita
819 1406 916 1435 fuerat
929 1423 972 1427 —
987 1403 1085 1434 indui-

100 1452 160 1483 tur,
177 1452 207 1477 et
220 1448 387 1484 Meleager,
405 1448 527 1477 thorace
544 1451 680 1484 sumpto,
703 1447 784 1483 capit
797 1455 894 1481 arma,
919 1446 990 1476 novi
1005 1444 1085 1481 regis
1097 1449 1129 1475 14

99 1490 231 1519 satelles.
276 1489 420 1526 Sequitur
441 1489 573 1525 phalanx
597 1488 693 1518 hastis
710 1489 838 1526 clypeos
855 1488 1011 1524 quatiens,
1034 1495 1084 1516 ex-

100 1532 216 1567 pletura
232 1539 267 1560 se
282 1530 430 1567 sanguine
446 1530 574 1565 illorum,
598 1529 650 1566 qui
666 1530 882 1559 affectaverant
898 1529 970 1558 nihil
985 1529 1024 1558 ad
1040 1528 1084 1564 ip-

99 1581 151 1601 sos
168 1572 323 1609 pertinens
339 1580 474 1609 regnum.
503 1573 535 1600 In
549 1572 656 1600 eadem
672 1572 762 1601 domo
780 1571 953 1607 familiaque
967 1568 1084 1606 imperii
1094 1573 1126 1598 15

99 1613 178 1643 vires
195 1621 390 1643 remansuras
408 1621 478 1642 esse
496 1613 683 1649 gaudebant:
697 1612 910 1642 hereditarium
924 1610 1084 1648 imperium

99 1654 222 1691 stirpem
237 1654 352 1691 regiam
365 1654 599 1684 vindicaturam:
611 1659 753 1684 assuetos
769 1662 840 1683 esse
856 1661 965 1683 nomen
983 1652 1084 1688 ipsum

97 1697 199 1725 colere
213 1696 430 1732 venerarique,
452 1704 508 1725 nec
525 1704 707 1732 quemquam
728 1694 759 1724 id
776 1703 901 1731 capere,
925 1693 983 1723 nisi
1000 1692 1083 1729 geni-

99 1742 168 1774 tum,
183 1742 216 1767 ut
230 1741 379 1774 regnaret.
