1215 1905
109 103 182 136 LlB.
198 104 249 133 VI.
267 103 347 133 CAP.
363 103 413 138 vi,
428 101 602 133 35—CAP.
618 102 683 139 Vll,
697 105 740 132 23.
756 112 804 139 [vr.
823 111 908 133 24-26.
930 110 967 137 z.)
999 99 1058 130 125

68 188 192 218 regnum
208 187 348 216 quoque,
371 178 513 208 versabat
533 177 665 207 animum
689 182 770 207 tanto
793 177 927 207 facinore
949 177 1057 214 procul

28 227 59 254 1⁸2
68 222 288 252 abhorrentem.
313 220 455 250 Strictum
471 219 582 249 deinde
598 219 731 256 gladium
745 220 835 249 modo
853 219 947 254 illius,
964 219 1056 248 modo

68 272 125 295 suo
140 263 309 292 admovens
326 262 439 299 iugulo,
455 262 588 298 supplex
604 261 684 290 idem
701 265 730 290 et
745 260 884 296 mlestus,
902 260 1058 297 expressit

67 306 203 340 tandem,
220 308 253 334 ut
267 312 328 334 non
345 304 445 334 solum
461 303 629 338 silentium,
649 303 704 332 sed
721 303 810 332 etiam
827 311 953 340 operam
969 301 1056 339 polli-

32 351 195 378 lsceretur.
229 345 366 383 Namque
382 345 503 374 abunde
519 344 686 374 constantis
702 344 793 373 animi
810 349 839 374 et
854 344 981 381 dignus,
1005 343 1056 380 qui

69 388 199 426 pudicus
215 391 312 423 esset,
337 387 408 416 nihil
425 395 463 416 ex
481 386 608 423 pristina
622 386 778 416 voluntate
795 390 977 419 mutaverat,
1000 386 1056 414 sed

29 435 101 461 nse
117 434 238 467 captum
251 429 349 459 Dimni
365 437 468 458 amore
484 428 646 458 simulabat
661 427 733 456 nihil
750 436 904 457 recusare.
943 426 1052 456 Scisci-

71 471 127 502 tari
143 471 212 501 inde
229 471 334 508 pergit,
351 479 418 500 cum
435 470 547 507 quibus
563 474 664 499 tantae
680 469 723 499 rei
740 470 916 499 societatem
933 469 1056 498 inisset:

70 513 229 551 plurimum
250 513 377 548 referre,
404 513 510 550 quales
532 511 589 540 viri
610 516 670 541 tam
691 511 878 540 memorabili
900 510 987 548 operi
1003 510 1056 539 ad-

30 561 59 587 15
67 554 176 585 moturi
193 563 299 584 manus
314 558 427 584 essent.
462 554 512 583 llle
528 558 557 583 et
571 561 674 582 amore
690 557 720 582 et
735 553 852 582 scelere
868 554 945 581 male
961 560 1056 581 sanus

68 597 156 626 simul
171 596 284 634 gratias
299 596 374 633 agit,
398 595 486 625 simul
502 596 682 632 gratulatur,
712 595 795 631 quod
819 593 993 624 fortissimis
1013 593 1056 622 iu-

68 646 178 668 venum
201 646 260 668 non
277 638 447 667 dubitasset
468 645 502 665 sc
523 637 703 674 adiungere,
728 636 893 671 Demetrio,
917 635 1056 672 corporis

69 679 203 713 custodi.
221 680 384 713 Peucolao,
401 679 550 707 Nicanori.
594 678 706 707 Adiicit
721 678 766 706 his
782 677 993 714 Aphobemm,
1011 677 1056 706 Io-

70 723 157 757 leum,
173 722 352 755 DioxEmun,
370 720 571 757 Arehepolim‚
588 721 761 757 Amyntam.

29 768 59 795 16
139 763 206 799 (26)
228 764 274 792 Ab
296 764 354 792 hoc
376 770 518 792 sermone
539 761 684 791 dimissus
710 760 913 791 Nicomachus
936 761 975 789 ad
999 761 1056 789 sra-

70 810 143 835 trem
157 804 315 840 (Cebalino
332 808 396 832 erat
411 806 550 838 nomen),
573 812 652 840 quae
668 807 845 840 acceperat,
861 803 968 832 defert.
992 802 1056 831 Pla-

69 850 129 881 cet,
147 846 247 883 ipsum
262 846 430 875 subsistere
446 845 475 873 in
492 845 697 879 tabernaculo,
713 853 759 877 nc,
777 845 801 873 si
819 845 932 881 regiam
948 844 1055 873 intras-

71 892 128 921 set,
145 895 204 917 non
219 891 360 917 assuetus
376 887 460 915 adire
477 894 594 923 regem,
618 886 763 915 coniurati
782 886 918 923 proditos
935 893 969 915 se
985 893 1056 915 esse

31 933 58 961 17
68 928 275 959 resciscerent.
292 930 361 966 lpse
375 929 535 958 Cebalinus
549 932 617 957 ante
632 928 813 958 vestibulum
827 927 928 964 regiae
946 945 987 949 —
1005 935 1057 956 ne-

70 980 126 1008 que
146 972 222 1000 enim
238 971 363 1008 propius
380 970 480 999 aditus
496 970 522 998 ei
540 970 662 1007 patebat
677 988 711 991 —
727 969 874 1001 consistit,
892 969 1057 1006 opperiens

70 1013 201 1050 aliquem
212 1014 376 1043 amicorum
386 1021 423 1041 ex
436 1012 531 1049 prima
539 1012 675 1047 cohorte,
692 1020 753 1048 quo
767 1012 1009 1041 introduceretur
1017 1011 1054 1039 ad

31 1058 61 1085 18
70 1062 180 1092 regem.
203 1054 299 1089 Forte,
316 1054 424 1083 ceteris
441 1054 584 1089 dimissis,
600 1062 679 1083 unus
694 1053 835 1087 Philotas
852 1053 1057 1082 Parmenionis

71 1097 165 1131 lilius,
192 1095 351 1132 incertum,
379 1104 469 1132 quam
492 1096 531 1124 ob
554 1104 694 1127 causam,
721 1095 896 1124 substiterat
917 1094 947 1123 in
963 1095 1056 1131 regia.

71 1138 145 1167 Huic
165 1138 327 1168 Cebalinus
349 1146 401 1166 ore
424 1138 552 1167 confuso
575 1145 702 1174 magnae
718 1136 952 1174 perturbationis
968 1141 1056 1165 notas

71 1187 143 1216 prae
159 1187 192 1209 se
210 1180 310 1209 tereus
330 1179 440 1216 aperit,
470 1187 548 1216 quae
564 1187 602 1208 ex
620 1180 708 1208 tratre
724 1182 930 1215 compererat,
946 1181 976 1207 et
991 1186 1057 1207 sine

31 1222 212 1253 l9dilatione
227 1221 356 1251 nuntiari
372 1221 435 1258 regi
451 1221 541 1250 iubet.
563 1221 709 1257 Philotas,
727 1221 898 1250 collaudato
916 1228 969 1254 eo,
988 1228 1057 1256 pro—

69 1263 149 1293 tinus
171 1264 260 1292 intrat
281 1263 319 1292 ad
341 1264 565 1292 Alexandrum:
592 1264 749 1299 multoque
776 1262 905 1291 invicem
929 1262 968 1291 de
989 1262 1056 1291 aliis

68 1305 160 1334 rebus
176 1313 316 1335 sermone
334 1309 514 1342 consumpto
533 1305 603 1333 nihil
620 1313 740 1339 eorum,
760 1312 838 1341 quae
855 1312 893 1333 ex
910 1303 1055 1333 Cebalino

28 1351 268 1384 *zocognoverat‚
293 1347 415 1376 nuntiat.
459 1347 522 1376 Sub
539 1354 699 1383 vesperam
716 1355 784 1376 eum
811 1346 1012 1382 prodeuntem
1028 1346 1056 1374 in

68 1388 218 1418 vestibulo
241 1390 303 1425 regi
364 1389 477 1426 excipit
498 1389 629 1423 iuvenis,
652 1397 689 1417 an
712 1389 885 1417 mandatum
910 1392 1057 1417 executus

27 1435 55 1460 2¹
70 1431 160 1466 l'oret,
177 1431 317 1468 requiren
339 1453 344 1458 .
369 1431 421 1459 llle
437 1438 495 1459 non
513 1438 642 1459 vacasse
655 1430 787 1460 sermoni
802 1438 858 1459 suo
872 1437 973 1466 regem
987 1437 1056 1458 eau-

71 1477 156 1501 satus
173 1472 324 1502 discessit.
363 1472 487 1501 Postero
505 1473 553 1501 die
570 1472 733 1501 Cebalinus
749 1471 882 1501 venienti
899 1471 926 1499 in
943 1471 1055 1507 regiam

72 1518 193 1550 praesto
215 1518 262 1543 est
283 1514 504 1550 intrantemque
526 1514 670 1543 admonet
693 1513 789 1550 pridie
817 1513 1058 1542 communicatae

70 1563 138 1584 cum
160 1554 227 1591 ipso
249 1555 301 1584 rei.
344 1556 395 1584 llle
412 1563 502 1584 curae
517 1555 575 1584 sibi
597 1563 667 1585 esse
684 1556 866 1592 respondet:
890 1563 925 1583 ac
942 1562 980 1583 ne
996 1558 1057 1583 tum

70 1597 192 1634 quidem
204 1597 275 1633 regi,
290 1604 368 1633 quae
382 1597 526 1632 audierat,
539 1597 643 1633 aperit.
667 1597 815 1633 Coeperat
829 1596 973 1625 Cebalino
987 1603 1058 1625 esse

28 1642 242 1675 22suspectus.
287 1639 390 1675 ltaque
411 1647 471 1667 non
493 1639 570 1667 ultra
591 1638 844 1675 interpellandum
867 1642 948 1667 ratus
965 1638 1057 1667 nobili

70 1679 171 1710 iuveni
186 1680 316 1715 (Metron
334 1684 398 1709 erat
413 1680 440 1709 ei
457 1683 581 1713 nomen)
603 1689 697 1717 super
717 1679 981 1709 armamentarium
1005 1687 1055 1716 po*

28 1725 62 1752 23
72 1724 137 1756 sito,
149 1722 230 1759 quod
243 1722 344 1752 scelus
359 1726 523 1759 pararetur,
537 1722 658 1752 indicat.
681 1722 743 1757 ille,
757 1721 901 1751 Cebalino
917 1721 945 1750 in
959 1729 1057 1750 arma-
