1215 1905
135 115 196 148 ‘236
479 115 511 151 Q.
534 115 689 144 CURTlI
710 116 815 145 RUF]

136 189 247 219 deinde
265 190 293 218 in
313 189 456 218 ditionem
476 188 624 225 redactis,
646 189 713 218 urbi
735 198 839 219 eorum
860 190 1044 227 praesidium
1062 191 1118 220 irn-

138 231 248 269 posuit.

216 272 288 301 Inde
309 272 467 307 Praestos,
491 276 520 301 et
539 271 637 308 ipsam
652 272 759 301 Indiae
780 277 915 309 gentem,
938 277 1153 309 perventumu

137 318 192 343 est.
215 313 391 342 Porticanus
407 322 461 342 rex
477 318 554 349 erat,
579 314 630 350 qui
646 322 680 343 se
694 314 826 343 munitae
841 314 906 343 urbi
924 322 992 343 cum
1007 323 1116 351 magna

136 363 227 384 manu
249 354 441 391 popularium
461 354 635 385 incluserat.
660 356 744 384 Hanc
759 356 934 384 Alexander
953 355 1040 385 tertio
1057 356 1115 392 die,

138 405 228 433 quam
241 400 384 432 coeperat
396 395 546 431 obsidere,
564 397 756 433 expugnavit.
777 397 814 425 Et
824 397 1009 433 Porticanus,
1025 406 1116 434 quum
1125 402 1158 427 12

136 437 165 466 in
181 446 281 467 arcem
297 437 494 474 confugisset,
511 439 628 474 legatos
641 439 678 467 de
695 438 868 468 conditione
883 438 1047 467 deditionis
1062 438 1115 468 mi-

137 480 175 509 sit
189 480 227 508 ad
242 487 359 515 regem:
376 480 430 508 sed
441 484 602 516 antequam
615 480 732 509 adirent
746 487 822 515 eum,
841 481 918 508 duae
934 484 1031 509 turres
1048 488 1116 509 cum

136 520 248 557 ingenti
262 521 380 557 fragore
393 521 593 557 prociderant,
612 529 664 557 per
677 529 803 557 quarum
818 521 920 550 ruinas
932 521 1115 550 Macedones

137 570 263 591 evasere
284 562 314 590 in
336 570 450 591 arcem:
473 571 533 599 qua
552 567 640 598 capta
655 562 831 591 Porticanus
853 571 920 591 cum
942 563 1048 599 paucis
1069 571 1115 591 rc-

138 612 276 640 pugnans
292 603 447 632 occiditur.

214 644 280 679 (32)
309 644 411 674 Diruta
434 644 521 681 igitur
536 653 605 674 arce
621 650 650 674 et
665 645 805 674 omnibus
819 644 947 681 captivis
962 645 1115 674 venunda-
1126 649 1158 675 13

137 686 189 721 tis,
216 686 317 714 Sambi
339 686 420 722 regis
442 687 518 715 fines
534 686 692 722 ingressus
709 691 755 715 est
770 686 932 722 multiSque
947 686 1069 723 oppidis
1085 687 1115 715 in

138 728 228 756 fidem
244 727 378 763 acceptis
398 727 612 757 validissimam
630 727 729 764 gentis
750 728 854 757 urbem
870 728 1009 757 cuniculo
1025 727 1114 764 cepit.

137 768 278 798 Barbaris
292 768 388 797 simile
400 770 524 798 monstri
537 769 636 798 visum
648 774 702 804 est,
719 769 845 798 rudibus
858 769 1026 798 militarium
1043 777 1114 805 ope-
1125 774 1158 798 14

138 818 216 839 rum:
234 810 347 847 quippe
366 810 394 838 in
413 811 511 839 media
528 811 620 839 ferme
632 812 706 840 urbe
722 811 825 839 armati
841 814 919 839 terra
935 810 1113 845 existebant,

138 853 218 880 nullo
237 851 362 881 suffossi
379 860 492 888 specus
508 857 577 881 ante
596 852 723 888 vestigio
743 853 831 880 facto.
862 851 1020 887 Octoginta
1034 851 1156 882 miliaro

137 894 279 922 Indorum
300 894 328 921 in
353 901 389 922 ea
410 894 533 928 regione
549 902 639 922 caesa
655 893 820 922 Clitarchus
837 897 883 923 est
897 897 1016 927 auctor,
1040 894 1113 921 mul-

137 940 247 971 tosque
269 934 406 970 captivos
435 935 490 963 sub
519 943 632 963 corona
653 934 785 963 venisse.
828 935 946 963 Rursus
968 933 1115 962 Musicani
1125 939 1159 964 16

136 977 327 1007 defecerunt,
349 976 387 1004 ad
404 983 481 1012 quos
499 975 716 1012 opprimendos
734 975 847 1004 missus
862 979 910 1004 cst
923 974 1045 1009 Pithon,
1064 975 1115 1011 qui

137 1022 255 1054 captum
273 1016 439 1053 principem
452 1018 548 1052 gentis
564 1018 755 1053 eundemque
768 1016 946 1046 desectionis
962 1021 1115 1045 auctorem

136 1059 262 1088 adduxit
276 1058 314 1087 ad
331 1066 441 1094 regem.
471 1058 534 1093 Quo
547 1059 721 1088 Alexander
734 1058 762 1086 in
781 1066 900 1087 crucem
918 1058 1036 1087 sublato
1051 1066 1115 1086 rur-

137 1109 189 1130 sus
206 1108 332 1135 amnem,
349 1100 378 1128 in
400 1108 459 1136 quo
473 1101 602 1129 classem
614 1105 776 1137 expectare
791 1108 825 1129 se
841 1100 980 1134 iusserat,
996 1099 1113 1135 repetit.

209 1142 320 1177 Quarto
334 1142 443 1169 deinde
456 1141 504 1170 die
517 1142 652 1171 secundo
667 1150 753 1170 amne
762 1140 899 1177 pervenit
910 1141 948 1169 ad
962 1141 1157 1177 oppidum,17

138 1184 219 1219 quod
235 1183 264 1211 in
282 1191 375 1218 regno
393 1187 456 1212 erat
473 1183 585 1211 Sambi.
621 1184 723 1219 Nuper
746 1191 779 1212 se
802 1182 851 1211 ille
867 1182 1038 1218 dediderat,
1060 1182 1113 1210 sed
1165 1184 1169 1188 '

137 1224 282 1261 oppidani
296 1224 503 1253 detrectabant
514 1224 671 1261 imperium
685 1229 714 1254 et
726 1225 897 1253 clauserant
910 1228 1021 1259 portas.
1037 1223 1113 1259 Quo-
1124 1228 1157 1253 18

135 1274 201 1294 rum
218 1265 369 1302 paucitate
387 1269 558 1302 contempta
569 1275 622 1295 rex
640 1267 819 1302 quingentos
831 1265 981 1301 Agrianos
997 1264 1116 1294 moenia

137 1307 239 1336 subire
254 1306 341 1335 iussit
353 1312 382 1336 et
401 1306 513 1336 sensim
533 1308 711 1337 recedentes
727 1306 836 1335 elicere
851 1311 935 1335 extra
947 1314 1050 1336 muros
1063 1306 1115 1335 lio<

136 1353 220 1383 stem,
236 1353 407 1377 secuturum
424 1350 569 1385 profecto,
588 1348 613 1378 si
631 1350 733 1384 lugere
749 1356 803 1376 eos
820 1348 964 1376 crederet.
984 1347 1159 1384 Agrianiffl)

137 1390 215 1419 sicut
231 1389 407 1425 imperatum
421 1394 493 1425 erat⁷
508 1390 649 1419 lacessito
663 1391 759 1424 hoste,
776 1389 874 1418 subito
887 1393 972 1425 terga
982 1393 1114 1418 vertunt:

137 1439 214 1468 quos
238 1431 357 1460 barbari
380 1431 477 1460 effuse
503 1436 666 1467 sequentes
689 1431 718 1460 in
736 1430 829 1465 alios,
850 1430 925 1459 inter
948 1439 1026 1467 quos
1048 1430 1115 1466 ipse

135 1481 189 1502 rex
206 1476 283 1506 erat,
305 1472 448 1502 incidunt.
486 1474 641 1502 Renovato
658 1481 729 1509 ergo
748 1472 878 1508 proelio,
901 1480 939 1500 ex
953 1472 1047 1501 tribus
1063 1471 1115 1499 mi-

136 1514 214 1543 libus
230 1514 427 1543 barbarorum
445 1515 581 1544 sexcenti
597 1514 680 1543 caesi
695 1518 779 1549 sunt,
806 1513 885 1542 mille
907 1513 1002 1549 capti,
1025 1511 1116 1541 ceteri

135 1556 293 1584 moenibus
309 1556 392 1584 urbis
408 1555 525 1585 inclusi.

218 1596 284 1632 (33)
309 1597 369 1626 Sed
395 1606 471 1632 non,
498 1602 529 1625 ut
555 1597 648 1633 prima
675 1596 779 1633 specie
806 1597 883 1626 lacta
908 1594 1050 1629 victoria,
1076 1594 1158 1624 itam)

136 1642 245 1667 eventu
263 1647 385 1674 quoque
402 1639 470 1667 fuit:
494 1638 608 1674 quippe
622 1638 741 1667 barbari
757 1646 874 1667 veneno
891 1637 1041 1667 tinxerant
1055 1636 1116 1672 gla-

136 1679 213 1708 dios.
254 1680 358 1715 ltaquc
381 1679 475 1708 saucii
498 1679 626 1709 subinde
648 1679 841 1716 expirabant,
867 1687 923 1708 uec
944 1686 1037 1707 causa
1059 1682 1117 1706 tam

136 1725 277 1749 strenuae
293 1722 395 1749 mortis
412 1720 577 1757 excogitari
598 1725 715 1757 poterat
730 1729 748 1749 a
763 1720 902 1754 medicis,
921 1728 1012 1756 quum
1028 1719 1116 1748 etiam
