1215 1905
278 70 350 100 LlB.
366 71 401 100 X.
426 71 507 99 CAP.
523 71 558 106 X,
574 75 676 101 4—20.
699 81 738 108 [x.
756 82 788 103 ³0.
806 82 839 103 ει.
857 81 895 107 z.]
1042 71 1103 102 271

106 151 140 178 ut
163 147 274 176 serrum
291 155 415 184 quoque
431 152 553 176 exurat:
578 148 721 184 ungulam
737 146 860 177 iumenti
877 147 1034 177 dumtaxat
1050 156 1101 184 pa-

67 188 228 220 l'Itientem
245 196 315 218 esse
331 188 407 218 suci.
450 188 575 226 Stygem
591 190 746 226 appeliant
764 189 893 224 fontem,
917 197 956 218 ex
971 198 1032 226 quo
1049 197 1098 226 pe-

106 230 244 260 stiferum
274 230 357 260 virus
387 235 515 260 emanat.
566 231 632 260 Hoc
661 239 717 268 per
742 231 948 260 Cassandrum
978 231 1100 260 allatum

107 271 311 308 traditumque
334 272 417 302 fratri
441 273 532 302 Iollae
555 277 585 302 et
599 273 637 301 ab
653 281 690 302 eo
706 280 869 310 supremae
885 272 965 309 regis
982 272 1099 309 potioni

66 313 242 343 isinditum.
285 313 384 349 Haec,
404 318 560 351 utcunque
577 318 647 344 sunt
661 314 789 349 credita,
811 323 932 350 eorum,
956 322 1035 351 quos
1052 322 1099 343 ru—

106 363 171 385 mor
186 359 371 392 asperserat,
387 364 458 384 mox
475 355 609 392 potentia
625 356 762 385 extinxit.
787 357 925 393 Regnum
941 356 1019 385 enim
1036 356 1097 384 Ma-

65 401 97 427 19
106 396 255 426 cedoniae
269 396 430 433 Antipater
445 402 475 426 et
496 397 654 427 Graeciam
678 406 803 435 quoque
824 397 950 427 invasit:
974 398 1098 427 soboles

106 439 217 467 deinde
239 438 376 476 excepit,
399 438 565 469 intersectis
588 439 744 476 omnibus,
767 439 943 476 quicunque
967 440 1097 469 Alexan-

63 485 96 510 20
105 480 191 509 drum
207 480 296 510 etiam
318 479 485 517 longinqua
510 481 692 517 cognatione
715 481 914 518 contigerant.
960 481 1098 511 Ceterum

105 529 218 558 corpus
241 521 306 550 eius
328 530 345 550 a
359 522 548 558 Ptolemaeo,
574 523 622 552 cui
643 524 804 562 Aegyptus
827 527 978 557 cesserat,
1005 522 1097 552 Mem-

106 563 189 601 phim
210 567 239 592 et
260 563 331 592 inde
352 563 459 600 paucis
478 568 549 601 post
570 564 657 594 annis
679 565 898 594 Alexandriam
922 565 1098 594 translatum

104 609 160 640 est,
177 604 338 642 omnisque
354 605 516 635 memoriae
532 614 567 635 ac
584 606 697 636 nomini
713 607 812 636 honos
828 607 963 635 habetur.
