1215 1905
158 96 218 129 178
496 98 530 134 Q.
560 98 714 128 CURTII
744 100 852 129 RUFI

157 183 223 204 cum
235 175 296 204 istis
310 175 471 203 iunioribus
482 172 647 204 subiecisti?
685 175 790 204 Verum
806 179 859 210 est,
883 179 914 204 ut
924 178 1042 213 opinor,
1065 178 1145 213 quod

159 217 334 245 avunculum
345 220 424 244 tuum
437 217 466 244 in
477 216 569 245 Italia
582 217 693 245 dixisse
702 219 828 252 constat,
846 218 940 253 ipsum
956 219 987 246 in
1005 220 1080 247 viros
1092 220 1142 247 in-

159 258 273 292 cidisse,
289 258 357 286 lein
366 257 505 291 feminas.

242 297 288 333 (5)
309 297 387 326 Nihil
403 306 442 327 ex
459 297 598 328 omnibus
619 298 791 328 inconsulte
811 307 846 328 ac
867 303 980 329 temere
994 299 1081 329 iactis
1096 304 1183 330 re-38

159 347 226 376 gem
243 339 339 376 magis
357 343 502 376 moverat,
518 348 609 375 quam
624 339 828 370 Parmenionis
844 348 911 370 cum
926 341 1043 371 honore
1058 350 1140 371 men-

161 381 200 410 tio
223 381 313 410 illata.
340 381 482 410 Dolorem
499 385 597 410 tamen
612 389 665 410 rex
682 381 809 418 pressit,
827 386 986 412 contentus
1002 383 1141 419 iussisse,

161 427 193 451 ut
209 422 350 451 convivio
367 423 539 451 excederet.
561 423 622 452 Nec
636 423 798 459 quicquam
814 423 895 452 aliud
906 424 1026 459 adiecit,
1043 428 1166 460 quam,3

162 463 286 492 forsitan
303 471 387 499 eum,
410 463 436 492 si
452 463 563 493 diutius
579 465 696 494 locutus
713 465 804 500 soret,
819 465 1071 501 exprobraturum
1086 465 1144 494 sibi

163 505 257 534 fuisse
272 505 363 534 vitam
378 514 396 534 a
412 504 576 541 semetipso
594 506 707 534 datam:
730 506 788 535 hoc
803 507 881 534 enim
898 507 1029 542 superbe
1051 514 1143 543 saepe

161 547 302 576 iactasse.
346 547 446 582 Atque
473 547 554 575 illum
580 551 770 576 cunctantem
796 548 895 576 adhuc
921 555 1060 585 surgere,
1093 547 1184 584 qui-‘io

162 587 293 624 proximi
309 588 336 617 ei
353 588 527 622 cubuerant,
543 588 661 617 iniectis
677 588 832 623 manibus,
850 588 1004 626 iurgantes
1019 597 1142 619 monen-

163 634 271 665 tesque
287 630 475 658 conabantur
490 630 651 659 abducere.
683 631 786 667 clitus,
805 639 896 666 quum
912 631 1184 666 abstraheretur‚4l

163 671 201 699 ad
217 670 373 707 pristinam
396 670 567 699 violentiam
588 671 632 699 ira
651 679 774 707 quoque
789 672 922 707 adiecta,
948 680 1004 701 suo
1021 676 1144 709 pectore

163 716 280 748 tergum
296 712 376 740 illius
392 719 461 740 esse
477 712 650 748 defensum,
672 720 766 748 nunc,
785 717 946 749 postquam
961 714 1034 743 tanti
1048 712 1144 742 meriti

165 753 352 789 praeterierit
364 757 493 789 tempus,
510 753 598 782 etiarn
613 754 788 783 memoriam
803 753 931 783 invisam
944 763 1013 784 esse
1026 755 1143 791 procla-

164 799 231 823 mat.
253 794 344 824 Attali
360 802 484 831 quoque
500 795 623 823 caedem
640 795 800 824 obiiciebat
814 800 843 824 et
855 796 894 824 ad
905 795 1040 825 ultimum
1054 794 1144 830 Iovis,
1153 799 1185 825 42

165 844 254 873 quem
271 840 386 872 patrem
402 835 459 864 sibi
472 836 646 864 Alexander
661 840 820 871 assereret,
837 837 991 866 oraculum
1007 837 1143 871 eludens,

163 878 283 906 veriora
308 885 342 906 se
363 877 427 912 regi
449 885 538 913 quam
563 881 678 913 patrem
705 877 769 906 eius
798 877 995 914 respondisse
1016 877 1144 907 dicebat.

163 919 225 947 iam
253 923 364 947 tantum
392 918 453 947 irae
480 923 664 955 conceperat
688 926 757 954 rex,
785 923 928 955 quantum
952 918 1004 947 vix
1026 918 1185 948 sobrius43

166 959 243 989 serre
260 959 418 996 potuisset.
458 960 619 988 Enimvero
636 959 706 988 olim
721 968 804 988 mero
820 959 962 989 sensibus
982 959 1085 993 victis,
1108 967 1147 988 ex

166 1003 243 1030 lecto
259 1004 384 1037 repente
400 1001 548 1036 prosiluit.
571 1001 696 1030 Attoniti
712 1000 814 1035 amici,
837 1009 874 1030 ne
890 1001 997 1037 positis
1015 1001 1145 1038 quidem,

166 1043 219 1071 sed
237 1041 362 1071 abiectis
378 1041 513 1078 poculis,
537 1046 738 1079 consurgunt,
760 1043 789 1070 in
811 1046 951 1071 eventum
971 1042 1029 1077 rei,
1056 1050 1147 1079 quam

168 1088 247 1112 tanto
264 1083 376 1119 impetu
391 1087 514 1112 aeturus
529 1088 620 1118 esset,
636 1083 749 1113 intenti.
786 1084 968 1118 Alexander,
985 1088 1071 1120 rapta
1087 1084 1185 1112 lan-45

167 1133 222 1154 cea
237 1132 275 1154 ex
291 1124 430 1153 manibus
445 1124 594 1161 armigeri,
611 1125 716 1154 Clitum
732 1125 830 1154 adhuc
846 1125 953 1154 eadem
968 1125 1087 1161 linguae
1104 1124 1147 1153 in-

167 1166 365 1203 temperantIa
386 1167 532 1195 furentem
557 1171 716 1203 percutere
741 1170 867 1195 conatus
889 1175 906 1195 a
926 1167 1097 1195 Ptolemaeo
1119 1170 1149 1195 et

166 1208 310 1238 Perdicca
324 1207 485 1237 inhibetur.
517 1207 649 1236 Medium
672 1208 823 1244 complexi
838 1212 868 1236 et
883 1207 1028 1237 obluctari
1044 1210 1186 1244 perse-46

169 1254 320 1279 verantem
345 1249 554 1277 morabantur:
580 1248 781 1286 Lysimachus
808 1253 837 1277 et
861 1249 1034 1277 Leonnatus
1060 1247 1149 1277 etiam

167 1292 302 1320 lanceam
324 1290 519 1319 abstulerant.
562 1290 614 1318 llle
635 1290 759 1319 militum
781 1290 871 1319 fidem
887 1289 1053 1326 implorans
1069 1292 1185 1319 com-47

168 1331 314 1368 prehendi
327 1340 361 1360 se
373 1340 390 1359 a
404 1330 550 1367 proximis
563 1330 738 1366 amicorum,
755 1332 837 1367 quod
849 1331 945 1360 Dareo
958 1339 1056 1368 nuper
1070 1330 1148 1359 acci-

168 1373 274 1408 disset,
290 1373 438 1402 exclamat
449 1372 631 1409 signumque
643 1373 714 1401 tuba
726 1372 800 1407 dari,
818 1376 848 1401 ut
862 1373 901 1401 ad
915 1372 1028 1409 regiam
1044 1372 1149 1401 armati

169 1414 293 1450 coirent,
308 1414 400 1443 iubet.
421 1415 494 1442 Tum
510 1421 583 1443 vero
598 1413 788 1443 Ptolemaeus
805 1418 834 1442 et
846 1413 1006 1442 Perdiccas
1021 1413 1186 1450 genibusst

169 1455 304 1484 advoluti
317 1458 409 1490 orant,
425 1463 463 1484 ne
476 1455 504 1483 in
517 1459 576 1484 tam
589 1454 746 1491 praecipiti
761 1454 805 1483 ira
817 1459 992 1491 perseveret
1006 1454 1149 1491 spatium-

170 1505 230 1533 que
246 1496 348 1533 potius
364 1496 463 1526 animo
480 1496 544 1525 det:
562 1495 663 1525 omnia
678 1500 801 1533 postero
818 1495 866 1525 die
882 1495 990 1525 iustius
1007 1499 1149 1525 executu-

171 1547 243 1567 rum.
286 1537 348 1567 Sed
371 1539 493 1567 clausae
514 1543 599 1567 erant
620 1545 719 1572 aures,
742 1537 935 1573 obstrepente
950 1537 1003 1565 ira.
1045 1537 1185 1572 ltaquelit

169 1580 320 1615 impotens
342 1579 433 1608 animi
456 1579 606 1616 procurrit
628 1579 657 1607 in
679 1578 781 1615 regiae
801 1578 983 1607 vestibulum
1000 1582 1042 1611 et,
1067 1576 1150 1613 vigili

169 1620 331 1650 excubanti
347 1621 435 1650 hasta
449 1621 558 1656 ablata,
575 1619 709 1650 constitit
723 1620 752 1648 in
766 1619 856 1654 aditu,
873 1627 933 1655 quo
946 1626 1074 1648 necesse
1087 1622 1151 1647 erat

170 1661 226 1693 nis,
243 1661 295 1698 qui
308 1661 397 1691 simul
413 1666 625 1696 coenaverunt,
641 1661 754 1697 egredi.
776 1660 920 1689 Abierant
934 1659 1036 1689 ceteri.
1059 1659 1185 1688 Clituset

170 1703 291 1732 ultimus
308 1702 373 1732 sine
389 1703 499 1732 lumine
513 1703 622 1732 exibat.
646 1702 739 1738 Quem
754 1710 823 1737 rex,
840 1701 977 1737 quisnam
994 1706 1090 1735 esset,
1106 1700 1149 1730 in-
