1215 1905
292 84 363 114 LIB.
380 85 414 114 X.
439 84 520 114 CAP.
538 85 557 119 1,
575 88 692 115 19—12.
718 91 756 124 [x,
773 95 832 117 3—5.
853 91 890 124 z.]
1048 82 1110 114 247

119 158 260 189 Orsinem
281 160 372 190 modo
393 160 553 196 avaritiae,
577 160 727 190 interdum
750 160 838 190 ctiam
861 158 1041 190 desectionis
1062 167 1109 188 ar-

119 201 239 238 guebat.

75 245 111 273 30
194 242 241 279 (5)
263 243 324 272 lam
340 247 456 273 matura
471 248 555 272 erant
571 243 599 272 in
617 244 782 280 perniciem
798 241 969 272 innocentis
984 242 1105 272 menda-

120 283 175 319 cia,
192 288 221 314 et
236 285 338 320 fatum,
354 285 441 314 cuius
454 284 636 315 inevitabilis
653 293 722 315 sors
737 290 793 320 est,
809 284 983 322 appetebat.
1018 283 1109 313 Forte

119 325 199 355 enim
214 327 389 363 sepulcrum
405 326 474 364 Cyri
488 327 666 356 Alexander
685 327 773 356 iussit
788 326 908 363 aperiri,
924 325 954 355 in
971 333 1032 362 quo
1045 330 1110 355 erat

74 370 107 397 31
117 367 272 397 conditum
298 368 364 398 eius
388 376 516 405 corpus,
543 369 592 398 cui
614 369 687 398 dare
708 368 831 398 volebat
845 367 980 397 inferias.
1024 368 1108 396 Auro

118 414 306 446 argentoque
321 410 469 447 repletum
491 418 561 440 esse
585 410 771 446 crediderat,
787 425 827 430 -
844 409 958 446 quippe
973 408 1013 438 ita
1029 409 1108 437 sama

116 450 229 481 Persae
245 452 458 488 vulgaverant,
475 470 513 474 —-
530 453 585 481 sed
601 457 722 489 praeter
738 452 880 490 clypeum
901 451 968 480 eius
989 454 1108 487 putrem

74 495 146 522 met
167 501 257 523 arcus
279 493 358 524 duos
380 493 542 531 Scythicos
558 498 588 523 et
602 493 759 523 acinacem
775 493 847 522 nihil
863 492 1008 529 repperit.
1054 492 1107 521 Ce-

117 538 229 569 terum,
257 543 371 565 corona
387 543 479 565 aurea
500 535 657 572 imposita,
683 534 829 570 amiculo,
858 534 905 564 cui
928 538 1110 563 assueverat

117 575 195 612 ipse,
211 576 329 612 solium,
347 576 376 605 in
394 585 454 614 quo
471 585 583 614 corpus
599 577 726 612 iacebat,
744 576 865 611 velavit,
883 575 1018 610 miratus,
1033 574 1108 605 tanti

117 617 248 647 nominis
269 626 381 655 regem,
404 618 493 648 tantis
516 618 686 655 praeditum
703 618 823 655 opibus,
843 617 925 646 haud
940 616 1107 654 pretiosius

74 659 269 696 aasepultum
290 668 374 695 esse,
404 669 494 697 quam
516 660 542 689 si
565 660 673 690 suisset
687 668 704 689 e
719 659 818 696 plebe.
860 659 1021 688 Proximus
1043 663 1109 688 erat

116 701 202 730 lateri
218 702 332 738 spado:
357 702 407 739 qui
423 710 526 738 regem
547 701 682 737 intuens,
700 701 778 736 Quid
790 702 910 736 mirum,
927 700 1040 737 inquit,
1056 704 1107 736 est,

116 744 220 772 inania
233 746 371 780 sepulcra
385 753 447 773 esse
461 751 577 780 reyum,
598 752 687 780 quum
705 748 899 780 satraparum
922 743 1025 772 domus
1046 751 1107 772 au-

73 787 180 814 &irum
194 784 264 814 inde
277 789 403 820 eqeslum
418 794 526 821 capere
538 793 596 814 non
607 784 743 822 possint?
784 785 869 819 Quod
882 785 924 813 ad
937 793 982 814 me
996 785 1106 818 attinet,

121 827 184 862 ipse
197 825 252 855 hoc
267 826 378 855 bustum
394 831 482 856 anlea
495 835 551 855 non
572 827 719 856 videram:
747 827 801 856 sed
816 835 856 856 ex
877 827 976 856 Dareo
995 827 1036 855 ita
1051 834 1107 855 ac-

74 870 112 897 35
120 869 199 904 cepi,
218 868 277 896 tria
291 869 374 897 milia
388 869 526 898 talentitm
542 869 660 898 condita
674 877 735 898 esse
749 876 815 897 cum
831 868 915 904 Cyro.
956 868 1035 897 Hinc
1053 869 1108 897 illa

119 909 282 945 beniqnitas
296 911 324 938 in
341 914 380 942 te,
402 914 445 945 ut,
465 910 545 946 quod
560 911 677 947 impune
691 911 799 939 hahere
813 917 870 938 non
888 912 1007 946 poterat
1022 909 1102 939 Orsi-

72 954 106 981 36
114 959 173 986 nes,
190 951 329 980 donando
343 953 429 980 etiam
442 953 572 987 qratiam
588 953 683 981 iniret.
727 951 939 980 Concitaverat
961 951 1021 980 iam
1043 950 1106 979 ani-

115 1000 196 1022 mum
218 993 247 1020 in
270 991 360 1028 iram,
387 1001 480 1029 quum
501 992 547 1028 hi,
577 993 688 1029 quibus
704 992 858 1029 negotium
874 992 955 1022 idem
971 993 1106 1026 dederat,

115 1034 343 1070 superveniunt.
384 1033 460 1064 Hinc
476 1034 610 1071 Bagoas,
634 1034 703 1064 hinc
723 1035 760 1064 ab
783 1043 820 1064 eo
841 1034 998 1064 subornati
1021 1033 1106 1063 salsis

72 1078 106 1106 37
116 1073 293 1105 criminibus
310 1080 462 1113 occupant
476 1084 576 1105 aures.
610 1078 783 1113 Antequam
799 1075 939 1106 accusari
955 1084 989 1105 se
1005 1075 1106 1112 suspi-

115 1121 234 1147 caretur
250 1116 390 1153 Orsines,
413 1118 442 1147 in
465 1118 586 1147 vincula
607 1123 654 1148 est
676 1118 813 1148 traditus.
854 1118 922 1148 Non
944 1121 1105 1147 contentus

115 1158 268 1196 supplicio
294 1158 424 1189 insontis
448 1160 561 1196 spado,
590 1159 658 1196 ipse
684 1160 828 1189 morituro
849 1167 972 1189 manum
992 1158 1104 1188 iniecit.

115 1200 209 1236 Quem
226 1199 353 1230 Orsines
368 1201 498 1237 intuens,
514 1202 684 1236 Audieram,
708 1200 813 1238 inquit,
834 1203 865 1231 in
883 1201 955 1231 Asia
970 1202 1037 1230 olim
1051 1209 1100 1229 re-

110 1251 220 1278 ynasse
237 1242 384 1278 seminas:
410 1244 464 1273 hoc
484 1252 552 1273 vero
572 1252 675 1273 novum
697 1248 751 1279 est,
780 1251 909 1280 reonare
934 1246 1105 1272 castratum.

70 1284 168 1314 sellie
184 1283 239 1314 fuit
261 1284 361 1314 exitus
377 1284 559 1314 nobilissimi
580 1285 754 1320 Persarum,
778 1292 835 1314 nec
855 1284 986 1314 insontis
1002 1284 1105 1319 modo,

69 1328 104 1355 39
113 1326 169 1354 sed
183 1325 312 1355 eximiae
329 1334 453 1363 quoque
469 1325 663 1363 benignitatis
684 1326 713 1356 in
735 1334 848 1363 regem.
891 1326 1009 1356 Eodem
1030 1329 1105 1354 tern-

113 1375 188 1403 pore
218 1367 384 1397 Phradates
414 1376 542 1404 regnum
567 1368 729 1398 affectasse
755 1372 920 1405 suspectus
947 1367 1105 1397 occiditur.

114 1408 264 1445 Coeperat
279 1417 350 1438 esse
365 1417 515 1446 praeceps
531 1410 570 1439 ad
585 1410 846 1446 repraesentanda
859 1408 1021 1446 supplicia,
1034 1408 1103 1438 item

69 1450 151 1479 4oad
166 1450 317 1480 deteriora
333 1451 495 1480 credenda.
530 1450 653 1481 Scilicet
666 1460 717 1481 res
733 1451 889 1481 secundae
906 1451 1007 1480 valent
1022 1458 1104 1480 com<

112 1495 229 1521 mutare
244 1496 391 1528 naturam,
418 1497 447 1522 et
467 1501 535 1522 raro
552 1492 715 1530 quisquam
740 1501 814 1530 erga
838 1493 920 1522 bona
946 1501 1002 1522 sua
1028 1491 1104 1522 satis

112 1537 220 1563 cautus
235 1537 291 1563 est.
315 1534 399 1563 Idem
415 1534 495 1563 enim
511 1535 602 1571 paulo
619 1538 689 1564 ante
702 1534 878 1573 Lyncesten
893 1534 1103 1564 Alexandrum

67 1577 101 1605 41
111 1575 243 1604 delatum
259 1583 277 1604 a
292 1575 413 1605 duobus
429 1575 581 1605 indicibus
598 1577 742 1606 damnare
757 1585 818 1606 non
835 1576 1030 1612 sustinuerat,
1046 1576 1101 1605 hu-

110 1615 245 1646 miliores
261 1625 385 1654 quoque
401 1625 472 1647 reos
489 1623 594 1647 contra
609 1626 696 1648 suam
710 1619 912 1653 voluntatem,
935 1617 1007 1655 quia
1023 1621 1102 1647 cete-

110 1657 152 1687 ris
167 1657 349 1688 videbantur
369 1659 523 1695 insontes,
550 1668 664 1697 passus
686 1660 821 1690 absolvi:
849 1660 990 1690 hostibus
1012 1659 1102 1688 victis

67 1703 202 1736 nregna
217 1700 410 1730 reddiderat:
437 1702 476 1730 ad
503 1701 637 1731 ultimum
664 1705 770 1732 contra
791 1706 906 1732 tantum
927 1701 965 1731 ab
990 1705 1100 1731 semet-
