1215 1895
188 75 263 105 LlB.
278 75 318 105 V.
339 75 420 105 CAP.
435 75 485 111 lv,
500 74 670 105 14—CAP.
683 75 722 110 V,
738 78 760 103 l.
781 84 819 112 tv,
838 85 920 106 u—rr.
940 83 979 110 Ζ]
1065 73 1109 105 89

115 151 258 182 arborum
275 150 349 180 rami
365 150 443 180 alius
458 149 517 180 alio
534 149 678 186 implicati
691 154 720 180 et
732 150 933 180 cohaerentes
950 154 981 180 ut
997 157 1105 187 perpe-

116 197 197 224 tuam
214 192 389 223 obiecerant
404 200 520 229 sepem.
544 192 726 229 Desperatio
743 191 833 229 igitur
845 192 963 229 ingens,
980 192 1058 222 adeo
1075 196 1108 222 ut

74 235 167 267 25vix
183 234 314 264 lacrimis
331 233 526 269 abstinerent,
543 233 720 263 incesserat.
748 233 917 271 Praecipue
934 233 1108 263 obscuritas

119 276 225 307 terrori
248 280 326 306 erat:
347 283 416 304 nam
431 274 549 305 etiamsi
567 283 627 311 qua
642 275 745 305 sidera
760 275 988 311 internitebant‚
1011 274 1106 305 conti-

117 318 198 348 nenti
217 318 324 348 fronde
346 321 442 347 tectae
460 317 586 347 arbores
609 317 791 354 conspicere
814 317 1026 354 prohibebant,
1063 317 1108 346 Ne

117 360 234 390 aurium
256 359 378 397 quidem
400 367 475 388 usus
497 363 672 396 supererat,
699 358 794 388 silvas
823 358 979 396 quatiente
1005 363 1105 393 vento,

117 402 169 439 qui
181 400 433 432 concurrentibus
446 400 538 430 ramis
551 400 705 435 maiorem,
724 409 815 437 quam
828 409 884 438 pro
898 400 981 436 flatu,
997 408 1108 430 sonum

74 444 235 475 26edebat.
275 442 410 472 Tandem
431 447 593 479 expectata
614 443 665 471 lux
688 442 804 476 omnia,
830 450 908 479 quae
928 441 1110 472 terribiliora

118 494 179 515 nox
197 486 317 519 fecerat,
333 484 452 513 minuit:
470 484 622 513 circumiri
635 484 721 514 brevi
735 483 834 520 spatio
848 488 968 520 poterat
979 483 1107 518 eluvies,

117 532 147 557 et
163 527 221 557 sibi
237 527 368 563 quisque
385 527 447 555 dux
462 525 576 555 itineris
593 529 738 562 coeperat
753 525 827 555 fleri.

75 573 107 600 27
199 568 266 603 (16)
288 568 429 597 Evadunt
450 576 522 605 crgo
545 567 574 596 in
596 567 710 597 editum
727 567 885 597 verticem:
909 575 947 596 ex
971 575 1031 604 quo
1055 566 1107 597 ho-

118 610 208 640 stium
224 610 354 640 statione
370 614 538 646 conspecta
553 614 676 639 strenue
693 609 799 638 armati
814 617 832 638 a
848 614 931 646 tergo
952 617 986 638 se
1005 613 1107 639 osten-

119 653 193 682 dunt
212 652 285 681 nihil
302 652 360 682 tale
376 651 595 681 metuentibus:
619 659 749 688 quorum
765 651 870 688 pauci,
895 650 945 687 qui
961 650 1108 687 congredi

75 694 184 725 mansi
207 698 305 727 crant,
329 693 412 723 caesi
433 698 512 723 sunt.
554 694 659 729 ltaque
674 692 744 722 hinc
761 692 952 722 morientium
967 691 1107 729 gemitus,

118 735 188 765 hinc
203 737 241 765 ad
258 744 332 765 suos
348 735 566 765 recurrentium
580 734 762 764 miserabilis
775 734 870 764 facies
884 734 1019 771 integros
1033 741 1106 770 quo-

119 785 193 815 que,
216 781 379 814 antequam
395 776 558 806 discrimen
575 776 801 813 experirentur,
825 776 854 805 in
873 777 975 813 sugam
990 775 1108 805 avertit.

76 818 248 850 29Fremitu
260 818 370 848 deinde
384 818 413 847 in
427 823 534 852 castra,
553 817 622 855 quis
637 818 777 848 Craterus
793 818 1000 854 praesidebat,
1015 817 1109 852 illato,

119 861 158 891 ad
173 861 370 898 occupandas
386 860 558 896 angustias,
574 859 603 889 in
621 860 732 896 quibus
749 859 847 896 pridie
861 859 1039 894 haeserant,
1055 858 1108 887 mi-

75 903 162 934 soles
178 902 325 932 educitur.
368 901 462 931 Simul
479 906 509 931 et
524 901 654 931 Philotas
670 910 738 931 cum
754 902 978 939 Polyperconte
993 902 1108 938 Amyn-

119 949 210 981 taque
232 948 262 973 ct
283 944 385 973 Coeno
408 943 563 973 diversum
584 943 639 973 iter
654 943 771 980 ingredi
786 943 890 973 iussus
907 943 998 972 alium
1014 946 1094 972 terro

75 991 108 1017 31
119 995 181 1016 rem
197 985 294 1015 intulit
310 985 456 1015 barbaris.
493 985 636 1022 Undique
649 993 722 1022 ergo
734 985 936 1014 Macedonum
948 983 1040 1013 armis
1054 984 1107 1014 sul-

119 1027 282 1065 gentibus,
298 1027 422 1064 ancipiti
438 1028 517 1056 malo
532 1027 676 1064 oppressi
692 1027 887 1057 memorabile
904 1031 1003 1056 tamen
1020 1034 1108 1062 proe-

120 1069 192 1099 lium
205 1070 307 1098 edunt.
331 1069 369 1098 Ut
382 1069 507 1105 opinor,
527 1068 679 1105 ignaviam
699 1077 823 1106 quoque
836 1068 1006 1098 necessitas
1019 1066 1110 1103 acuit,

76 1116 110 1142 32
119 1116 148 1141 et
163 1119 257 1147 saepe
274 1110 448 1147 desperatio
465 1110 532 1147 spei
548 1119 642 1140 causa
657 1115 712 1140 est.
736 1111 813 1140 Nudi
830 1110 1110 1147 complectebantur

120 1156 252 1182 armatos
275 1156 305 1181 et
324 1152 438 1189 ingenti
460 1160 622 1189 corporum
644 1153 724 1182 mole
747 1161 852 1182 secum
873 1153 912 1182 ad
928 1157 1037 1181 terram
1056 1151 1107 1179 ‹le-

76 1195 274 1226 &trahentes
286 1193 423 1231 ipsorum
435 1193 502 1223 telis
516 1195 682 1231 plerosque
696 1194 861 1224 fodiebant.
883 1193 1108 1224 Ariobarzanes

121 1241 220 1266 tamen
242 1235 292 1265 XL
314 1236 407 1265 l'erme
429 1235 582 1272 equitibus
608 1240 638 1265 et
664 1235 798 1273 quinque
825 1236 946 1265 milibus
974 1234 1109 1271 peditum

121 1278 252 1315 stipatus
274 1285 329 1314 per
350 1277 480 1307 mediam
500 1277 596 1307 aciem
614 1278 816 1307 Macedonum
839 1287 907 1307 cum
929 1277 1022 1306 multo
1039 1285 1108 1306 suo-

120 1327 187 1349 rum
208 1323 299 1356 atque
321 1319 452 1349 hostium
475 1319 624 1356 sanguine
646 1320 760 1356 erupit,
785 1319 972 1356 Persepolim
993 1318 1110 1354 urbem,

77 1365 210 1398 &tcaput
224 1360 369 1397 regionis,
387 1369 541 1398 occupare
558 1361 716 1391 festinans.
753 1362 816 1392 Sed
831 1371 848 1391 a
864 1360 1044 1392 custodibus
1061 1368 1108 1389 ur-

121 1403 168 1432 bis
185 1403 345 1437 exclusus,
369 1402 545 1433 consecutis
561 1407 684 1433 strenue
699 1403 855 1439 hostibus,
883 1411 951 1433 cum
968 1402 1110 1431 omnibus

122 1445 212 1481 fugae
224 1444 402 1479 comitibus,
415 1449 562 1475 renovato
576 1446 692 1482 proeli0
702 1468 709 1481 ,
724 1446 841 1475 cecidit.
880 1445 1020 1474 Craterus
1035 1451 1109 1480 quo-

123 1495 193 1523 que,
209 1485 317 1522 raptim
334 1486 454 1523 agmine
469 1491 547 1523 acto,
564 1487 750 1524 supervenit.

515 1555 609 1584 CAP.
635 1556 673 1584 V.

93 1617 108 1645 1
202 1613 270 1651 (17)
292 1615 359 1644 Rex
381 1604 490 1643 eodem
512 1615 596 1649 loco,
619 1623 679 1651 quo
702 1614 834 1645 hostium
851 1613 957 1651 copias
981 1614 1109 1648 fuderat,

122 1660 228 1704 castra.
237 1655 410 1686 communit.
442 1656 630 1692 Quamquam
646 1656 725 1686 enim
741 1656 878 1693 undique
894 1655 995 1703 fugati·
1003 1656 1110 1686 hostes

123 1701 280 1728 victoriam
300 1702 535 1733 concesserant,
563 1703 661 1727 tamen
683 1699 837 1735 praealtae
860 1702 1110 1736 praec1p1tesque
