1215 1905
279 97 350 125 LlB.
365 96 401 125 X.
425 96 506 125 CAP.
520 97 556 131 V,
571 100 674 126 3—23.
695 106 828 132 [xm-17.
842 105 880 131 Ζ]
1034 95 1097 125 259

104 170 234 201 cedonia
249 170 379 208 profecti
394 171 471 200 ultra
485 170 658 207 Euphraten
675 170 727 206 [in]
749 170 858 200 mediis
882 169 1022 200 hostibus
1046 180 1098 200 no-

106 221 175 243 vum
191 212 350 250 imperium
363 212 598 249 aspernantibus
612 212 773 242 destitutos
786 220 820 242 se
832 220 905 242 esso
917 212 1097 242 cernebant.-

105 255 171 285 sine
187 259 269 284 certo
285 254 366 290 regis
382 254 495 283 herede
511 254 649 291 publicas
665 253 748 283 vires
763 255 803 283 ad
819 262 854 283 se
870 261 1023 291 quemque
1039 258 1096 283 tra-

66 300 95 326 13
103 302 230 326 cturum.
274 296 358 325 Bella
373 295 484 325 deinde
500 295 608 330 civilia,
633 304 712 333 quae
727 300 833 325 secuta
849 299 929 330 sunt,
945 295 1096 325 mentibus

105 338 346 375 augurabantur:
372 336 494 372 iterum,
519 345 577 366 non
595 338 633 366 de
650 346 744 374 regno
760 337 870 372 Asiae,
887 337 943 366 sed
959 337 997 366 de
1012 345 1095 374 rege,

105 379 182 417 ipsis
198 379 377 416 sanguinem
391 386 462 408 esse
478 379 681 408 fundendum:
708 378 797 408 novis
819 378 996 408 vulneribus
1012 383 1094 408 vete—

68 427 96 452 14
103 430 153 451 res
165 421 351 458 rumpendas
364 419 537 450 cicatrices:
552 429 653 456 senes,
666 420 793 456 debiles,
809 420 900 450 modo
917 419 1009 458 petita
1024 420 1091 449 mis-

105 463 193 492 sione
213 471 232 492 a
253 462 332 492 iusto
354 469 441 499 rege,
469 470 549 492 nunc
565 462 728 492 morituros
743 471 799 499 pro
818 461 954 499 potentia
970 461 1095 491 forsitan

65 511 94 535 15
103 504 243 534 satellitis
258 503 386 534 alicuius
402 503 554 541 ignobilis.
596 504 659 533 Has
683 503 884 540 cogitationes
901 503 1095 533 volventibus

106 554 166 575 nox
183 545 361 583 supervenit
377 549 584 583 terroremque
599 545 692 575 auxit.
733 544 845 575 Milites
867 544 898 574 in
912 545 1005 574 armis
1021 544 1096 582 vigi-

105 587 222 617 labant:
238 586 400 625 Babylonii
409 587 489 617 alius
502 596 518 616 e
532 587 634 621 muris,
645 586 721 616 alius
734 595 750 616 e
765 587 895 617 culmine
907 586 1095 623 suiquisque

66 629 173 661 16tecti
189 629 437 666 prospectabant,
454 628 542 666 quasi
558 628 687 659 certiora
702 628 807 659 visuri.
848 628 912 658 Nec
934 627 1096 665 quisquam

106 670 218 700 lumina
234 670 366 701 audebat
386 671 566 701 accendere.
609 671 646 700 Et
672 670 743 708 quia
769 671 925 700 oculorum
953 669 1096 699 cessabat

106 721 190 748 usus,
207 712 343 742 fremitus
360 720 517 750 vocesque
533 712 658 742 auribus
675 713 837 749 captabant
857 720 894 741 ac
914 712 1096 749 plerumque

106 763 183 784 vano
199 758 281 784 metu
296 753 389 784 territi
404 762 460 791 per
482 755 630 784 obscuras
653 754 792 789 semitas,
818 753 895 783 alius
917 752 968 782 alii
990 761 1094 783 occur-

65 801 93 827 17
103 800 221 831 santes,
247 795 378 825 invicem
399 796 536 833 suspecti
558 804 593 824 ac
610 795 730 825 solliciti
747 795 929 825 serebantur.
973 794 1095 831 Persae,

103 837 200 867 comis
217 845 273 866 suo
290 845 374 866 more
391 837 544 871 detonsis,
570 837 599 866 in
622 837 740 874 lugubri
763 841 849 866 veste
868 844 937 866 cum
959 835 1094 873 coniugi--

103 879 161 909 bus
181 885 219 908 ac
235 878 337 908 liberis
354 887 415 908 non
437 883 468 908 ut
489 878 635 908 victorem
657 882 687 908 et
708 879 799 908 modo
825 878 959 913 hostem,
987 878 1043 907 sed
1064 882 1096 907 ut

103 920 202 957 gentis
225 928 300 950 suae
321 920 522 950 iustissimum
542 928 645 957 regem
667 928 740 950 vero
763 919 917 949 desiderio
940 920 1094 956 lugebant.

103 961 229 991 Assueti
246 961 303 991 sub
318 970 390 998 rege
405 961 510 992 vivere
532 970 593 992 non
615 961 721 997 alium,
750 961 801 998 qui
822 961 986 998 imperaret
1006 961 1092 998 ipsis,

103 1003 273 1041 digniorem
287 1002 384 1033 fuisse
399 1004 630 1033 confitebantur.

63 1049 94 1075 18
184 1043 251 1081 (17)
279 1044 340 1084 Nec
356 1044 450 1074 muris
466 1044 550 1074 urbis
567 1045 666 1074 luctus
682 1044 902 1079 continebatur,
920 1044 973 1073 sed
991 1044 1094 1081 proxi-

102 1094 181 1115 mam
201 1086 358 1123 regionem
379 1087 417 1116 ab
440 1095 491 1121 ea,
519 1086 630 1116 deinde
651 1094 790 1123 magnam
807 1090 923 1122 partem
938 1086 1033 1115 Asiae
1049 1086 1092 1116 cis

62 1132 91 1158 19
99 1128 272 1165 Euphraten
290 1127 362 1158 tanti
378 1129 447 1158 mali
464 1129 544 1158 sama
559 1132 745 1165 pervaserat.
787 1128 836 1156 Ad
858 1127 946 1157 Darei
969 1136 1093 1165 quoque

101 1174 225 1199 matrem
242 1169 381 1200 celeriter
395 1170 512 1207 perlata
530 1174 586 1199 est.
630 1169 780 1200 Abscissa
805 1177 878 1206 ergo
904 1173 1006 1205 veste,
1032 1178 1093 1206 qua

101 1211 206 1241 induta
219 1216 299 1247 erat,
321 1212 479 1248 lugubrem
494 1211 626 1248 sumpsit
639 1210 844 1248 laceratisque
859 1209 993 1240 crinibus
1008 1210 1093 1241 humi

58 1257 92 1282 20
101 1261 213 1290 corpus
235 1253 355 1283 abiecit.
397 1252 565 1283 Assidebat
586 1252 615 1282 ei
636 1254 732 1282 altera
752 1261 791 1282 ex
813 1252 971 1290 neptibus,
995 1261 1093 1290 nuper

100 1295 247 1325 amissum
261 1295 536 1332 Hephaestionem,
554 1294 601 1324 cui
618 1298 778 1331 nupserat,
795 1295 918 1331 lugens,
933 1294 1091 1332 proprias-

57 1341 90 1366 21
100 1344 160 1374 que
177 1345 288 1366 causas
304 1336 420 1366 doloris
436 1336 465 1366 in
482 1337 633 1366 communi
649 1336 800 1367 maestitia
814 1336 1006 1366 retractabat.
1029 1336 1090 1366 Sed

99 1377 233 1408 omnium
248 1386 374 1408 suorum
389 1379 467 1407 mala
480 1378 672 1416 Sisygambis
685 1387 745 1408 una
755 1377 906 1415 capiebat.
929 1378 982 1406 llla
994 1385 1090 1414 suam,

98 1419 149 1449 illa
164 1419 299 1457 neptium
316 1419 412 1450 vicem
428 1420 529 1450 fiebat.
572 1421 693 1449 Recens
715 1420 803 1449 dolor
823 1419 913 1449 etiam
928 1418 1091 1456 praeterita

98 1466 306 1491 revocaverat.
350 1461 512 1497 Crederes,
534 1462 626 1491 modo
641 1461 787 1491 amissum
803 1462 933 1491 Dareum
954 1465 985 1490 et
1010 1462 1088 1498 pari-

98 1507 143 1532 ter
170 1502 299 1532 miserae
324 1503 454 1533 duorum
486 1503 616 1533 filiorum
648 1502 796 1540 exequias
822 1511 893 1532 esse
919 1502 1087 1532 ducendas.

55 1544 117 1573 22F
120 1545 200 1574 lebat
224 1543 314 1575 simul
339 1549 474 1574 mortuos
496 1545 657 1582 vivosque.
695 1544 789 1581 Quem
815 1544 895 1573 enim
921 1544 1088 1581 puellarum

97 1590 234 1617 acturum
248 1594 320 1616 esse
335 1590 461 1616 curam?
489 1594 580 1623 quem
600 1586 691 1616 alium
712 1587 844 1616 futurum
859 1586 1088 1615 Alexandrum?

96 1628 204 1658 iterum
218 1636 291 1658 esse
306 1636 340 1658 se
356 1632 472 1664 captas,
488 1627 595 1657 iterum
611 1627 766 1657 excidisse
780 1635 887 1665 regno.
926 1627 990 1664 Qui,
1007 1635 1085 1657 mor-

97 1675 147 1699 tuo
164 1670 272 1705 Dareo,
298 1669 383 1707 ipsas
406 1674 549 1704 tueretur,
575 1669 769 1707 repperisse:
797 1668 848 1706 qui
867 1674 938 1706 post
952 1670 1084 1698 Alexan-

53 1712 180 1741 ‘23drum
205 1711 388 1748 respiceret,
414 1711 520 1748 utique
547 1720 607 1741 non
631 1710 987 1782 repe1·turas.l7§ubibat
1008 1711 1085 1740 inter
