1215 1905
239 98 312 127 LIB.
327 97 376 127 IX.
400 97 481 127 CAP.
497 98 546 134 lx,
562 102 664 128 1—22.
681 109 729 136 nx,
747 109 831 130 ιιι-δῦ.
852 105 890 138 z.]
1017 99 1080 129 239

46 174 292 210 lisupersusum.
338 174 461 210 lamque
487 174 594 204 levatis
618 175 746 212 navigiis
769 180 798 204 et
819 179 880 204 tota
908 175 1008 204 classe
1035 176 1080 203 di-

88 223 205 252 spersa‚
221 216 273 252 qui
284 215 416 252 expositi
430 220 522 250 erant,
541 217 675 253 undique
690 217 729 245 ad
745 225 839 246 naves
855 215 965 253 trepidi
981 221 1011 245 et
1024 216 1077 245 im-

47 261 78 286 12
86 257 211 294 proviso
228 258 306 286 malo
322 257 437 287 attoniti
454 262 620 287 recurrunt.
657 258 719 287 Sed
735 258 764 287 in
782 259 908 287 tumultu
924 257 1078 287 festinatio

88 307 211 335 quoque
229 300 314 328 tarda
330 303 385 328 est.
429 299 465 328 Hi
482 299 580 328 contis
603 300 725 336 navigia
740 300 936 337 appellebant
951 304 989 335 et,
1005 300 1076 328 dum

47 344 187 370 13remos
213 341 309 378 aptari
336 340 551 377 prohibebant,
578 342 797 371 consederant:
825 341 948 378 quidam
974 349 1077 370 enavi-

85 390 158 418 gare
174 387 392 419 properantes.
415 383 470 411 sed
486 391 545 412 non
563 383 747 420 expectatis,
766 383 817 420 qui
833 383 921 413 simul
938 391 1009 413 esse
1025 384 1076 412 de—

87 424 206 457 bebant,
224 424 334 453 clauda
349 428 378 453 et
393 423 537 453 inhabilia
551 425 672 461 navigia
694 425 837 462 languide
860 424 1076 454 moliebantur:

84 465 161 494 aliae
178 466 300 495 navium
317 466 487 495 inconsulte
512 471 635 496 ruentes
653 475 760 496 omnes
774 471 968 503 receperant:
994 466 1075 503 pari-

84 512 190 543 terque
222 512 251 536 et
278 508 434 537 multitudo
461 512 489 537 et
516 508 655 544 paucitas
683 509 861 538 festinantes
892 509 1075 537 morabatur.

44 548 203 578 MClamor
220 549 289 579 hinc
305 554 485 586 expectare,
511 550 580 579 hinc
607 550 649 579 ire
676 550 842 579 iubentium
865 549 1075 586 dissonaeque

84 598 177 620 voces
194 600 348 628 nunquam
365 591 444 620 idem
460 596 551 628 atque
569 601 659 621 unum
677 592 862 622 tendentium
886 600 947 620 non
970 592 1071 620 oculo-

41 637 146 662 15run1
171 633 263 662 modo
292 642 395 667 usum,
422 633 477 662 sed
499 633 587 662 etiam
609 635 726 663 aurium
748 634 943 663 abstulerant.
984 632 1028 662 Ne
1044 632 1072 662 in

82 674 338 710 gubernatoribus
355 674 477 711 quidem
493 676 657 712 quiequam
675 676 743 712 opis
759 680 838 710 erat,
865 683 994 711 quorum
1017 682 1074 703 nec

81 716 219 745 exaudiri
233 725 294 745 vox
311 726 328 745 a
345 717 592 746 tumultuantibus
610 722 728 754 poterat
743 725 798 746 nec
812 717 971 753 imperium
986 725 1004 745 a
1016 721 1073 745 ter-

39 761 71 786 16
79 757 144 786 ritis
161 757 436 795 incompositisque
453 759 578 788 servari.
610 760 688 795 Ergo
705 758 807 788 collidi
824 758 900 787 inter
916 767 950 787 se
966 765 1072 793 naves,

81 799 311 836 abstergerique
327 800 457 829 invicem
472 800 555 835 remi,
573 806 603 830 et
618 801 668 829 alii
683 801 811 829 aliorum
827 799 949 836 navigia
964 807 1072 836 urgere

81 845 257 877 coeperunt.
304 842 466 877 Crederes,
490 850 550 871 non
566 842 656 871 unius
673 841 827 871 exercitus
844 842 976 870 classem
992 841 1072 876 vehi,

41 885 70 912 17
80 883 135 911 sed
151 883 279 912 duorum
295 884 402 912 navale
419 883 514 912 inisse
538 888 700 913 certamen.
745 883 972 912 Incutiebantur
993 891 1071 919 pup-

78 923 170 960 pibus
199 933 324 961 prorae:
349 925 564 961 premebantur
589 934 607 954 a
631 925 847 962 sequentibus,
876 924 926 960 qui
949 929 1070 953 antece-

78 966 186 995 dentes
203 966 410 995 turbaverant:
434 966 617 1002 lui-gantium
638 968 682 996 ira
697 966 897 1003 perveniebat
917 966 1007 995 etiam
1030 967 1068 994 ad

78 1016 196 1037 manus.

35 1053 69 1078 18
155 1048 222 1084 (36)
245 1050 369 1086 lamque
384 1053 488 1079 aestus
505 1054 585 1079 totos
602 1049 683 1079 eirca
703 1050 816 1079 flumen
840 1057 966 1086 campos
982 1049 1069 1078 inun-

78 1091 218 1127 daverat,
234 1091 355 1120 tumulis
372 1092 528 1121 dumtaxat
544 1091 763 1127 eminentibus,
778 1092 861 1120 velut
875 1090 984 1120 insulis
1001 1099 1069 1127 par-

76 1133 139 1162 vis:
156 1132 185 1161 in
203 1142 281 1170 quos
297 1132 436 1169 plerique
451 1132 569 1169 trepidi,
593 1133 715 1163 omissis
733 1132 871 1169 navigiis,
888 1140 981 1162 enare
995 1140 1068 1169 pro-

35 1178 68 1204 19
75 1179 192 1211 perant.
234 1174 381 1211 Dispersa
407 1175 516 1204 classis
539 1175 648 1211 partim
664 1175 693 1204 in
710 1175 846 1212 praealta
861 1182 942 1211 aqua
959 1174 1068 1209 stabat,

76 1225 136 1252 qua
159 1216 362 1246 subsederant
385 1217 489 1251 valles,
515 1215 622 1253 partim
638 1217 667 1246 in
684 1217 762 1246 vado
779 1216 932 1249 haerebat,
961 1220 1067 1245 utcun*

75 1266 135 1294 que
150 1258 310 1294 inaequale
324 1263 421 1288 terrae
434 1258 587 1295 fastigium
600 1262 828 1295 occupaverant
841 1258 956 1286 undae:
974 1265 1067 1293 quum

31 1303 65 1328 20
73 1299 174 1329 subito
192 1308 290 1329 novus
307 1304 336 1329 et
350 1299 478 1337 pristino
495 1299 591 1329 maior
605 1304 703 1330 terror
724 1299 875 1329 incutitur.
918 1299 1067 1335 Recipro-

74 1341 137 1370 cari
152 1341 253 1378 coepit
268 1350 365 1374 mare.
387 1350 497 1379 magno
514 1346 610 1371 tractu
631 1341 720 1378 aquis
742 1341 771 1370 in
788 1350 876 1370 suum
893 1341 1000 1370 sretum
1019 1349 1066 1369 re-

73 1383 280 1418 currentibus,
297 1383 507 1420 reddebatque
522 1387 619 1412 terras
635 1384 726 1420 paulo
743 1388 812 1412 ante
828 1383 982 1419 profundo
999 1382 1066 1410 salo

73 1433 202 1454 mersas.
257 1425 349 1461 lgitur
373 1425 516 1454 destituta
542 1425 662 1461 navigia
688 1425 746 1454 alia
772 1423 1010 1461 praecipitantur
1036 1423 1066 1452 in

72 1475 190 1502 proras,
206 1466 265 1496 alia
280 1466 310 1495 in
326 1467 420 1496 latera
435 1466 646 1503 procumbunt.
682 1466 772 1495 Strati
788 1470 873 1495 erant
888 1465 987 1502 campi
1002 1473 1066 1494 sar-

71 1508 163 1539 cinis,
181 1508 288 1543 armis,
304 1509 479 1537 avulsarum
502 1509 670 1537 tabularum
685 1515 899 1544 remorumque
916 1507 1064 1543 fragmen-

28 1553 60 1579 21
71 1549 116 1578 tis.
157 1549 246 1579 Miles
272 1558 328 1579 nee
354 1549 459 1586 egredi
485 1549 515 1579 in
542 1554 650 1579 terram
673 1558 729 1579 nee
752 1549 781 1578 in
798 1557 876 1578 nave
895 1548 1066 1578 subsistere

70 1591 216 1625 audebat,
244 1590 408 1621 identidem
426 1591 638 1628 praesentibus
660 1591 816 1627 graviora,
847 1599 926 1628 quae
952 1598 1063 1627 seque-

69 1637 180 1666 rentur,
197 1637 375 1669 expectans.
397 1632 466 1668 Vix,
485 1641 564 1669 quae
579 1633 837 1670 perpetiebantur,
855 1632 958 1662 videre
974 1632 1064 1668 ipsos

27 1674 250 1710 weredebant,
275 1674 305 1703 in
328 1674 411 1704 sicco
433 1674 605 1711 naufragia,
631 1675 661 1703 in
683 1673 764 1703 amni
779 1683 871 1704 mare.
915 1674 977 1703 Nec
992 1673 1063 1702 finis

69 1716 227 1745 malorum.
276 1716 395 1753 Quippe
420 1721 538 1746 aestum
564 1717 656 1753 paulo
682 1721 754 1753 post
779 1724 862 1745 mare
887 1717 1063 1749 relaturum,
