1215 1905
131 107 194 138 224
475 109 508 143 Q.
531 108 685 137 CURTII
707 108 815 137 RUFI

131 191 224 219 quum
240 182 270 211 in
286 182 446 211 obsidione
462 187 702 219 perseverasset,
719 181 874 219 oppidani,
886 183 1048 220 desperata
1063 193 1111 214 sa-

130 225 201 259 lute,
227 223 327 259 ignem
353 223 513 253 subiecere
537 224 633 259 tectis,
660 232 694 252 se
716 232 840 260 quoque
860 232 897 253 ac
911 224 1023 255 liberos
1039 234 1110 254 con-

129 265 279 301 iugesque
304 264 445 294 incendio
462 269 603 294 cremant.
645 265 732 300 Quod
758 273 850 301 quum
872 264 932 301 ipsi
957 271 1139 303 augerent,7

130 305 235 335 hostes
261 306 479 342 extinguerent,
509 315 589 335 nova
604 307 700 335 forma
713 314 834 342 pugnae
849 311 921 336 erat.
964 306 1111 337 Delebant
1210 312 1214 335 1

129 347 248 377 incolae
275 348 394 383 urbem,
419 347 524 377 hostes
546 347 764 376 defendebant:
789 348 866 377 adeo
883 348 971 377 etiam
986 352 1111 377 naturae

129 387 194 417 iura
219 389 330 417 bellum
355 388 384 417 in
410 388 593 418 contrarium
614 392 716 418 mutat.
759 389 823 418 Arx
848 394 912 418 erat
936 389 1041 426 oppidi
1066 390 1138 419 in-8

128 433 216 464 tacta,
233 429 263 458 in
281 438 341 466 qua
355 430 540 466 praesidium
557 430 731 466 dereliquit:
758 430 825 467 ipse
840 430 967 466 navigiis
984 430 1110 460 circum·
1210 436 1213 459 l

129 476 234 500 vectus
250 476 297 500 est
311 479 419 500 arcem.

210 512 276 548 (15)
309 512 425 549 Quippe
450 513 489 541 ΙΙΙ
511 512 635 541 flumina
656 517 718 542 tota
744 513 827 542 ludia
841 517 962 550 praeter
977 513 1110 549 Gangem

128 553 258 582 maxima
283 554 468 583 munimento
494 554 572 582 arcis
599 554 754 590 applicant
780 555 886 584 undas.
931 555 959 583 A
987 559 1108 590 septen-

126 594 222 624 trione
238 595 330 624 Indus
346 595 438 631 alluit,
458 604 476 623 a
491 595 615 624 meridie
630 597 781 624 Acesines
796 595 934 633 Hydaspi
950 595 1108 625 confundi-

127 640 183 665 tur.
227 636 364 665 Ceterum
389 637 520 665 amnium
546 641 652 666 coetus
677 636 830 666 maritimis
857 636 971 666 similes
998 636 1108 666 fluctus
1120 641 1136 667 9

126 681 236 712 movet,
251 678 406 714 multoque
422 685 458 706 ac
470 677 588 707 turbido
604 677 684 713 limo,
697 678 781 714 quod
795 686 941 714 aquarum
957 685 1108 707 concursu

127 717 255 747 subinde
272 719 414 753 turbatur,
440 719 504 754 iter,
531 727 591 755 qua
611 723 711 748 meant
733 719 860 756 navigia,
886 720 916 748 in
931 723 1050 748 tenuem
1065 720 1107 748 al-

125 768 215 789 veum
232 760 358 797 cogitur.
399 761 504 797 Itaque
521 769 613 797 quum
635 760 731 789 crebri
748 760 858 790 ssuctus
875 770 908 790 se
929 760 1146 790 inveherentlo
1209 767 1214 791 1

125 805 155 830 et
170 801 290 830 navium
305 801 374 830 hinc
390 810 513 838 proras,
539 801 607 830 hinc
632 802 726 831 latera
741 803 910 838 pulsarent,
936 802 1106 831 subducere

126 847 234 872 nautae
252 843 318 872 vela
330 847 504 879 coeperunt.
548 843 610 872 Sed
624 843 790 872 ministeria
804 851 908 872 eorum
924 843 993 871 hinc
1008 847 1104 878 aestu,

124 883 194 913 hinc
209 884 391 920 praerapida
403 884 554 913 celeritate
570 883 726 913 fluminum
742 889 937 920 occupantur.
978 885 1010 912 In
1033 889 1145 914 ocu-11

125 924 162 954 lis
178 925 311 954 omnium
326 926 386 954 duo
402 925 517 954 maiora
538 925 658 962 navigia
684 926 842 954 submersa
868 929 951 954 sunt:
981 925 1104 961 leviora,

125 975 218 1002 quum
233 971 263 995 et
277 967 344 1003 ipsa
359 966 519 1003 nequirent
533 966 611 1003 regi,
637 966 666 995 in
690 966 786 1002 ripam
801 971 899 995 tamen
914 965 1039 995 innoxia
1053 974 1104 995 ex-

124 1008 214 1043 pulsa
240 1012 317 1036 sunt.
367 1008 438 1043 Ipse
463 1016 517 1036 rex
542 1007 571 1036 in
596 1006 808 1043 rapidissimos
833 1006 965 1036 vortices
992 1006 1105 1043 incidit,
1206 1015 1212 1039 l

125 1048 235 1084 quibus
251 1048 360 1078 intorta
375 1048 461 1077 navis
478 1048 599 1085 obliqua
615 1054 644 1077 et
655 1048 850 1085 gubernaculi
862 1048 1022 1085 impatiens
1035 1056 1104 1085 age—

123 1089 219 1118 batur.
256 1090 317 1118 Iam
333 1095 448 1119 vestem
464 1091 637 1119 detraxerat
652 1090 782 1126 corpori,
804 1089 995 1126 proiecturus
1010 1094 1105 1119 semet
1113 1095 1145 1121 12

123 1130 152 1159 in
169 1130 296 1166 flumen,
312 1130 477 1167 amicique,
494 1135 526 1160 ut
540 1130 716 1167 exciperent
731 1139 814 1166 eum,
830 1131 911 1159 haud
926 1131 1035 1167 procul
1050 1139 1102 1160 na-

122 1172 207 1207 bant,
224 1173 451 1209 apparebatque
469 1180 582 1209 anceps
598 1172 765 1209 periculum
781 1177 840 1202 tam
855 1171 997 1208 nataturi,
1013 1180 1103 1208 quam

122 1213 265 1250 navigare
290 1213 524 1250 perseverantis.
573 1214 651 1250 Ergo
678 1213 790 1250 ingenti
816 1213 978 1243 certamine
1004 1214 1103 1242 conci·
1113 1217 1145 1243 13

122 1259 185 1283 tant
198 1263 315 1290 remos,
342 1260 515 1292 quantaque
531 1255 577 1284 vis
592 1255 722 1284 humana
737 1263 808 1284 esse
824 1259 956 1291 poterat,
981 1254 1103 1283 admota
1206 1264 1215 1288 ii

122 1300 182 1331 est,
200 1300 231 1324 ut
246 1295 370 1331 fluctus,
388 1297 438 1332 qui
454 1304 487 1325 se
503 1296 699 1331 invehebant,
716 1297 974 1325 everberareutur.
1016 1295 1103 1324 Findi
1114 1300 1143 1325 14

122 1337 264 1366 crederes
281 1338 380 1366 undas
396 1342 424 1366 et
438 1342 518 1367 retro
535 1337 668 1374 gurgites
684 1338 803 1366 cedere.
845 1337 960 1373 Quibus
981 1337 1102 1366 tandem
1172 1340 1175 1343 ’
1205 1346 1215 1370 l?

122 1378 207 1407 navis
223 1383 326 1415 erepta
343 1388 401 1408 non
418 1383 515 1408 tamen
532 1379 616 1415 ripae
632 1378 809 1415 applicatur,
822 1378 917 1408 sedin
930 1378 1101 1414 proximum

122 1420 231 1448 vadum
248 1420 378 1449 illiditur.
422 1420 494 1449 Cum
508 1420 587 1448 amni
602 1421 712 1449 bellum
728 1419 823 1449 fuisse
839 1420 989 1449 crederes.
1020 1419 1100 1455 Ergo

120 1462 180 1490 aris
210 1469 265 1497 pro
292 1470 416 1490 numero
447 1461 603 1490 fluminum
631 1460 739 1498 positis
769 1461 981 1497 sacrificioque
1010 1461 1099 1495 sacto,

119 1502 199 1531 XXX
215 1502 313 1531 stadia
328 1502 486 1539 processit.

198 1542 265 1578 (16)
301 1544 375 1573 Inde
405 1548 525 1574 ventum
554 1549 600 1573 est
629 1545 657 1572 in
686 1543 840 1580 regionem
871 1543 1097 1581 Oxydracarum
1110 1546 1140 1572 15

119 1585 355 1621 Mallorumque,
378 1594 456 1621 quos
476 1585 552 1615 alias
574 1586 686 1614 bellare
701 1585 777 1614 inter
792 1593 825 1614 se
841 1585 946 1614 solitos
963 1588 1032 1613 tunc
1046 1592 1098 1620 pe-

118 1625 205 1654 riculi
222 1626 353 1655 societas
369 1626 515 1656 iunxerat.
556 1626 724 1663 Nonaginta
746 1626 825 1655 milia
846 1626 994 1655 iuniorum
1015 1624 1098 1661 pedi-

119 1671 181 1696 tum
197 1666 227 1695 in
243 1667 333 1696 armis
350 1672 441 1703 erant,
459 1672 578 1705 praeter
592 1669 650 1697 hos
666 1667 799 1704 equitum
814 1668 840 1696 X
860 1666 941 1696 milia
963 1674 1097 1702 nongen-

119 1712 229 1744 tneque
252 1709 425 1745 quadrigae.
467 1711 505 1738 At
525 1709 721 1746 Macedones,
750 1708 800 1745 qui
821 1707 900 1738 omni
927 1706 1100 1737 discrimine
1110 1711 1140 1737 16
