1215 1905
106 97 177 126 LlB.
193 96 240 126 lx.
258 96 339 126 CAP.
355 97 420 131 VII,
437 97 605 128 17—CA1’.
620 98 698 132 VIII,
717 103 756 127 10.
772 108 822 134 six,
838 109 922 129 ἰθ-31.
935 108 972 134 z,1
1017 98 1076 128 235

459 198 551 226 CAP.
575 198 653 226 VIII.

57 262 68 287 1
164 257 231 292 (30)
254 258 395 286 Indorum
408 257 497 293 legati
511 257 628 286 dimissi
642 258 750 286 domos
763 257 870 294 paucis
883 261 954 294 post
966 258 1075 288 diebus

85 307 151 328 cum
169 299 258 328 donis
274 303 474 329 revertuntur.
503 299 641 328 Trecenti
664 304 749 328 erant
768 300 900 336 equites,
923 300 1003 328 mille
1024 301 1074 329 tri-

84 340 167 376 ginta
183 348 300 376 currus,
317 349 396 377 quos
413 340 584 378 quadriiugi
601 341 670 377 equi
687 341 847 375 ducebant,
864 342 962 370 lineae
977 341 1073 371 vestis

83 381 280 419 aliquantum,
296 382 376 412 mille
393 387 479 412 scuta
492 382 595 411 Indica
611 387 640 412 et
656 381 726 411 ferri
738 382 859 411 candidi
876 384 988 412 talenta
1003 391 1071 412 cen-

53 428 70 452 2
82 427 143 452 tum
156 424 324 461 leonesque
337 433 423 453 rarae
437 423 652 460 magnitudinis
669 428 698 453 et
712 423 815 460 tigres
832 429 994 461 utrumque
1009 425 1073 453 ani-

82 466 140 494 mal
163 466 201 494 ad
218 466 481 495 mansuetudinem
497 465 658 500 domitum,
682 467 864 496 lacertarum
886 474 1011 503 quoque
1026 466 1068 495 in-

51 510 67 536 3
80 506 212 543 gentium
223 508 319 544 pelles
328 512 358 537 et
370 508 461 537 dorsa
475 507 670 537 testudinum.
687 508 808 537 Cratero
819 507 928 536 deinde
942 508 1071 545 imperat

80 557 149 583 rex,
173 549 253 578 haud
271 550 377 586 procul
394 557 498 583 amne,
520 557 575 586 per
591 557 680 585 quem
697 553 761 578 crat
778 549 846 585 ipse
863 550 1070 586 navigaturuS‚

80 590 187 627 copias
210 592 348 620 duceret:
376 599 430 620 eos
453 595 568 626 autem,
598 591 649 627 qui
672 590 806 620 comitari
830 599 897 619 eum
921 591 1069 625 solebant,

79 631 207 668 imponit
227 632 255 661 in
279 641 374 662 naves
398 636 426 661 et
448 632 475 661 in
493 633 569 661 fines
586 633 743 661 Mallorum
760 633 897 661 secundo
914 641 1002 661 amne
1018 633 1068 661 de-

78 673 207 703 vehitur.

52 720 70 745 4
166 716 239 744 Inde
262 716 413 745 Sabarcas
436 716 523 750 adiit,
551 715 682 744 validam
705 714 810 744 Indiae
833 720 968 752 gentem,
991 724 1070 752 quae

78 757 194 794 populi,
211 766 270 787 non
286 765 390 794 regum
405 758 530 794 imperIo
543 758 714 793 regebatur.
739 757 904 794 Sexaginta
920 757 1001 786 milia
1015 766 1068 794 pe-

79 798 171 827 ditum
196 799 360 833 habebant,
390 799 524 835 equitum
554 807 609 828 sex
633 799 728 827 milia:
756 799 811 827 has
834 799 940 835 copias
962 807 1068 828 currus

79 839 235 876 quingenti
253 840 470 876 sequebantur.
505 841 578 869 Tres
595 841 690 869 duces
707 844 862 876 spectatos
879 840 989 869 virtute
1003 841 1067 869 bel—

47 886 64 912 5
76 881 134 910 lica
149 882 313 918 elegerant.
341 882 382 911 At
399 882 449 918 qui
465 881 494 910 in
511 881 592 918 agris
607 887 692 910 erant
708 881 838 918 proximi
855 881 979 916 flumini,
995 883 1066 918 (sre—

77 927 206 959 quentes
222 927 322 952 autem
339 923 434 958 vicos,
450 923 579 952 maxime
596 922 623 951 in
641 923 716 959 ripa,
734 923 899 957 habebant)
914 927 946 952 ut
963 923 1065 952 videre

77 969 170 994 toturn
187 972 320 998 amnem,
345 973 405 1001 qua
420 965 556 1002 prospici
574 969 708 1001 poterat,
733 965 862 1001 navigiis
880 969 1065 994 constratum

77 1010 106 1035 et
127 1010 170 1035 tot
191 1006 315 1036 militum
337 1014 420 1035 arma
443 1007 601 1042 fulgentia,
625 1006 718 1036 territi
741 1015 820 1035 nova
841 1007 918 1035 facie
940 1007 1066 1036 deorum

76 1047 243 1077 exercitum
259 1052 289 1077 et
303 1047 394 1076 alium
409 1048 551 1077 Liberum
566 1048 699 1084 Patrem,
716 1049 836 1077 celebre
851 1047 880 1076 in
896 1047 955 1076 illis
971 1048 1065 1084 genti-

46 1089 133 1120 6bus
156 1097 283 1124 nomen,
307 1090 472 1118 adventare
487 1090 661 1118 credebant.
697 1089 773 1118 Hinc
795 1089 920 1119 militum
943 1090 1066 1125 elamor,

75 1130 145 1160 hinc
165 1139 318 1160 remorum
340 1132 448 1167 pulsus
473 1131 636 1167 variaeque
657 1136 816 1161 nautarum
831 1139 927 1160 voces
942 1131 1065 1160 hortan-

46 1172 146 1203 7tium
169 1172 298 1209 pavidas
322 1181 411 1202 aures
435 1172 643 1209 impleverant.
677 1173 757 1210 Ergo
783 1172 919 1202 universi
941 1172 978 1201 ad
998 1182 1064 1208 eos,

75 1214 127 1250 qui
143 1214 171 1242 in
189 1214 280 1243 armis
297 1219 390 1249 erant,
413 1218 547 1249 currunt,
569 1215 669 1244 furere
683 1214 870 1244 clamitantes
883 1218 992 1243 etcum
1006 1214 1064 1244 diis

73 1254 224 1292 p'roelium
241 1255 385 1285 inituros:
409 1256 530 1292 navigia
552 1265 611 1285 non
629 1264 726 1293 posse
741 1256 902 1291 numerari,
925 1264 1004 1292 quae
1019 1256 1062 1284 in-

73 1297 172 1327 victos
194 1297 277 1327 viros
298 1298 452 1327 veherent.
487 1298 676 1334 Tantumque
697 1298 726 1326 in
750 1298 916 1327 exercitum
938 1306 1062 1327 suorum

72 1338 201 1368 intulere
218 1339 350 1374 terroris,
367 1344 399 1368 ut
413 1340 530 1376 legatos
547 1339 706 1373 mitterent,
724 1343 844 1375 gentem
863 1339 1030 1368 dedituros.

42 1385 60 1411 8
155 1381 222 1417 (31)
250 1381 303 1410 His
322 1381 351 1409 in
374 1381 465 1410 fidem
487 1382 637 1417 acceptis,
664 1382 701 1409 ad
724 1380 800 1410 alias
822 1380 934 1410 deinde
955 1385 1062 1416 gentes

73 1427 180 1458 quarto
198 1423 247 1452 die
259 1422 408 1459 pervenit.
429 1422 527 1452 Nihilo
544 1424 612 1459 plus
629 1422 719 1451 animi
732 1422 780 1452 his
796 1422 860 1457 suit,
878 1430 968 1459 quam
984 1427 1064 1451 cete-

71 1463 114 1492 ris
131 1465 236 1493 t'uerat.
270 1465 376 1501 Itaque
391 1464 506 1500 oppido
523 1464 563 1493 ibi
580 1464 719 1499 condito,
743 1464 827 1500 quod
842 1464 1062 1492 Alexandriam

72 1505 220 1542 appellari
235 1505 383 1540 iusserat,
400 1506 477 1535 fines
493 1514 613 1541 eorum,
631 1506 683 1542 qui
698 1506 846 1534 Musicani
861 1506 1062 1542 appellantur,

43 1545 203 1576 §intravit⁴
236 1547 292 1576 Hic
317 1548 356 1576 de
381 1547 511 1577 Teriolte
538 1551 674 1584 satrape,
702 1556 792 1584 quem
818 1547 1062 1584 ParapamisadiS

72 1589 271 1624 praefecerat,
286 1588 395 1618 iisdem
407 1589 612 1626 arguentibus,
627 1588 786 1625 cognovit:
803 1590 959 1625 multaque
971 1596 1063 1617 avare

33 1634 108 1660 loac
128 1630 262 1667 superbe
285 1630 397 1660 fecisse
426 1630 598 1660 convictum
620 1630 748 1659 interfici
770 1630 867 1659 iussit.
902 1631 1062 1668 Oxyartes,

71 1675 196 1708 praetor
207 1672 447 1707 Bactrianorum,
464 1680 525 1701 non
539 1673 698 1701 absolutus
711 1672 812 1706 modo,
829 1672 884 1701 sed
897 1671 985 1701 etiam
998 1671 1063 1701 iure

72 1713 185 1743 amoris
206 1714 364 1750 amplioris
386 1714 503 1748 imperii
525 1714 655 1743 donatus
679 1718 727 1743 est
748 1713 869 1743 finibus.
895 1712 1064 1742 Musicanis
