1215 1905
132 126 204 155 LlB.
216 126 282 154 vll.
300 125 381 155 CAP.
395 126 446 161 Vl,
464 125 633 155 15-CAP,
645 125 710 161 Vll,
723 129 748 155 6.
769 134 826 162 svn,
841 135 924 156 m-za.
938 135 975 161 z.)
1008 125 1066 155 161

77 202 246 238 transfuga,
262 201 417 238 praesidio
430 201 629 230 Macedonum
643 201 712 230 inde
728 200 857 236 deiecto,
873 200 967 230 muris
984 200 1069 230 urbis

79 244 146 273 eius
161 243 328 273 incluserat
343 251 392 278 se,
414 243 495 272 haud
518 243 683 280 oppidanis
705 241 865 272 consilium
887 242 1068 272 defectionis

79 285 332 323 approbantibus.
376 284 471 322 Sequi
487 289 584 314 tamen
603 284 797 319 videbantur,
819 283 890 321 quia
905 284 1069 322 prohibere

34 332 69 358 25
79 336 139 357 non
156 331 306 364 poterant.
339 326 460 356 Interim
475 327 650 355 Alexander
665 326 704 355 ad
719 325 842 355 Tanaim
857 334 976 355 amnem
992 326 1070 356 redit

79 373 123 404 et,
150 373 296 406 quantum
317 368 375 398 soli
398 372 625 405 occupaverant
646 367 770 402 castris,
793 376 878 397 muro
902 368 1068 398 circumde-

79 410 130 440 dit.
160 410 211 440 LX
226 410 394 440 stadiorum
410 410 493 439 urbis
510 418 614 439 murus
637 409 706 439 ruit:
729 409 808 438 hanc
824 418 949 447 quoque
966 410 1070 440 urbem

35 453 296 482 26Alexandriam
318 451 466 488 appellari
489 451 586 481 iussit.
629 451 712 488 Opus
734 455 817 481 tanta
832 452 986 482 celeritate
1002 460 1069 489 per-

79 495 190 524 fectum
205 498 267 529 est,
290 498 321 523 ut
337 493 456 523 decimo
473 493 604 529 septimo
621 494 685 528 die,
709 501 800 530 quam
819 493 1003 524 munimenta
1018 502 1069 523 ex-

78 535 168 565 citata
183 539 278 572 erant,
293 539 373 564 tecta
389 543 513 572 quoque
523 535 608 564 urbis
623 535 865 565 absolverentur.
888 536 1000 572 Ingens
1016 535 1068 565 rni-

79 577 160 607 litum
177 581 329 607 certamen
345 576 423 607 inter
437 576 525 614 ipsos
541 577 647 613 suerat,
662 581 695 606 ut
708 585 796 606 suum
812 576 944 614 quisque
960 586 1070 607 munus

33 624 67 650 27
79 636 114 641 -
128 628 198 649 nam
213 619 346 649 divisum
361 623 426 648 erat
436 636 477 642 —-
492 618 609 656 primus
625 619 809 648 ostenderet.
831 619 954 648 Incolae
971 627 1069 649 novae

79 660 145 690 urbi
161 661 222 691 dati
238 661 366 698 captivi,
384 670 478 698 quos⁷
495 660 614 690 reddito
632 660 729 698 pretio
747 660 893 696 dominis,
916 660 1068 690 liberavit:

78 711 206 740 quorum
223 704 338 740 posteri
354 711 434 732 nunc
451 710 575 740 quoque
591 711 651 732 non
667 703 748 739 apud
766 711 820 732 eos
836 707 896 732 tam
912 703 1003 740 longa
1018 711 1066 732 ae-

78 749 137 774 tate
153 749 278 782 propter
292 744 468 774 memoriam
484 744 652 773 Alexandri
668 745 876 774 exoleverunt.

465 810 520 839 CA
528 809 558 838 P.
579 810 644 838 vll.

51 874 62 898 1
158 866 226 901 (29)
248 869 288 897 At
302 875 358 897 rex
373 867 570 905 Scytharum,
595 868 683 897 cuius
704 871 766 897 tum
783 869 860 898 ultra
875 868 999 898 Tanaim
1016 868 1068 898 im·

79 909 195 947 perium
211 914 283 944 erat,
300 914 392 944 ratus,
411 917 477 938 eam
494 910 606 944 urbem,
626 918 717 947 quam
732 909 762 939 in
775 909 843 947 ripa
854 910 951 939 amnis
968 910 1066 940 Mace-

77 951 173 981 dones
190 951 405 986 condiderant,
429 952 493 981 suis
515 951 688 989 impositam
704 960 775 981 esse
799 952 987 989 cervicibus,
1010 953 1065 981 sra-

78 997 168 1028 trem,
185 992 351 1022 Carthasim
367 993 505 1029 nomine,
522 1002 591 1023 cum
606 1002 716 1031 magna
731 993 866 1031 equitum
881 1002 973 1024 manu
988 993 1067 1024 misit

77 1034 115 1063 ad
138 1034 317 1064 diruendam
339 1043 405 1064 eam
429 1036 599 1072 proculque
614 1044 702 1065 amne
722 1036 951 1066 submovendas
966 1035 1065 1065 Mace-

47 1081 65 1106 2
77 1077 188 1105 donum
204 1076 320 1113 copias.
349 1077 528 1107 Bactrianos
543 1077 654 1107 Tanais
670 1078 708 1107 ab
724 1077 858 1116 Scythis,
877 1087 956 1115 quos
971 1078 1064 1107 Euro-

78 1126 173 1155 paeos
189 1123 308 1152 vocant,
327 1118 443 1148 dividit.
467 1119 550 1148 Idem
562 1120 667 1149 Asiam
683 1124 712 1149 et
721 1120 876 1157 Europam
892 1119 962 1149 finis
977 1119 1066 1149 inter-

47 1164 64 1189 3
75 1158 149 1189 fluit.
192 1160 330 1190 Ceterum
347 1160 529 1198 Scytharum
550 1169 626 1198 gens
648 1162 728 1191 haud
746 1163 852 1199 procul
867 1161 995 1191 Thracia
1012 1161 1069 1191 sita

78 1202 115 1231 ab
132 1201 247 1232 oriente
263 1203 299 1231 ad
318 1203 557 1239 septentrionem
574 1212 607 1233 se
623 1203 712 1234 vertit
728 1204 1013 1241 Sarmatarumque‚
1037 1209 1068 1233 ut

46 1247 64 1272 4
77 1243 200 1280 quidam
213 1244 379 1279 credidere,
394 1253 454 1273 non
468 1245 603 1281 finitima,
616 1246 672 1275 sed
685 1254 756 1282 pars
770 1251 825 1276 est.
849 1246 945 1275 Recta
957 1246 1068 1275 deinde

77 1285 201 1322 regione
217 1286 280 1324 [ad]
295 1287 447 1315 Alaunum
463 1287 539 1317 ultra
554 1288 664 1317 Istrum
689 1288 839 1317 iacentem
855 1288 941 1318 colit:
964 1287 1068 1317 ultima

75 1327 178 1362 Asiae,
196 1336 275 1364 quae
289 1328 399 1358 Bactra
415 1334 499 1362 sunt,
518 1330 647 1367 stringit.
669 1330 826 1365 Habitant,
850 1338 929 1367 quae
945 1335 1067 1366 septen-

76 1368 165 1398 trioni
182 1370 327 1406 propiora
343 1375 427 1400 sunt:
445 1372 618 1408 profundae
632 1371 704 1401 inde
721 1372 817 1402 silvae
829 1376 1000 1408 vastaeque
1017 1380 1066 1401 so-

77 1410 219 1440 litudines
237 1411 406 1448 excipiunt:
422 1421 539 1447 rursus,
557 1421 636 1450 quae
649 1418 678 1443 et
690 1414 813 1443 Tanaim
826 1419 856 1443 et
870 1414 980 1443 Baetra
997 1422 1065 1450 spe-

46 1457 62 1480 5
76 1456 172 1487 etant,
188 1452 320 1483 humano
337 1454 418 1483 cultu
434 1454 516 1483 haud
533 1454 668 1492 disparia
684 1461 761 1485 sunt.
793 1456 909 1485 Primus
926 1463 995 1485 cum
1010 1455 1067 1484 hac

77 1498 165 1529 gente
182 1502 242 1523 non
260 1495 417 1531 provisum
432 1495 545 1525 bellum
560 1498 736 1526 Alexander
751 1502 911 1534 gesturus,
928 1505 1021 1534 quum
1037 1496 1065 1526 in

76 1540 246 1572 conspectu
258 1535 325 1566 eius
338 1537 529 1574 obequitaret
537 1538 645 1574 hostis,
661 1539 761 1568 adhue
774 1547 866 1575 aeger
879 1547 918 1568 ex
931 1539 1065 1574 vulnere,

76 1576 240 1614 praecipue
256 1586 335 1608 voce
350 1579 512 1614 deficiens,
536 1588 627 1616 quam
648 1585 678 1610 et
694 1580 833 1610 modicus
850 1580 937 1610 cibus
956 1585 986 1610 et
1001 1589 1064 1610 cer·

75 1618 150 1648 vicis
168 1620 354 1650 extenuabat
369 1620 472 1655 dolor,
493 1618 610 1651 amicos
631 1621 659 1651 in
677 1622 838 1652 consilium
853 1622 1000 1652 advocari
1021 1622 1065 1652 iu-

44 1660 134 1689 obet.
177 1661 321 1691 Terrebat
342 1670 409 1691 eum
433 1671 492 1692 non
512 1663 625 1697 hostis,
653 1664 710 1693 sed
736 1663 879 1701 iniquitas
908 1665 1065 1702 temporis.

77 1702 223 1732 Bactriani
236 1703 425 1733 defecerant:
442 1704 575 1742 Scythae
591 1705 681 1735 etiam
693 1706 902 1736 lacessebant:
918 1705 986 1743 ipse
1004 1715 1063 1736 non

73 1743 214 1774 Ansistere
229 1744 258 1774 in
271 1750 359 1782 terra,
376 1754 436 1776 non
455 1755 534 1784 equo
552 1747 636 1783 vehi,
654 1756 713 1778 non
731 1749 859 1783 docere,
876 1757 937 1778 non
950 1748 1063 1778 hortari

115 1793 196 1814 cunr.
214 1794 276 1816 nur.
817 1789 855 1819 11
