1215 1905
125 101 186 132 214
465 103 498 139 o.
521 103 677 132 CURTII
697 104 806 133 RUFI

157 178 258 209 garidas
269 183 291 201 et
303 178 401 201 Prasios
418 185 584 209 aggressurus
597 179 687 202 milites
702 179 820 210 fatigatos
832 183 854 203 et
864 180 954 203 bellum
967 181 1091 205 detrectan

156 216 194 235 tes
208 212 320 235 oratione
341 212 373 235 ad
385 213 595 242 perseverantiam
615 213 767 237 adhortatur.
805 214 846 238 ΙΙΙ.
868 213 964 237 Coenus
975 222 1020 246 pro
1033 223 1104 239 exer-

157 247 206 268 citu
222 246 365 269 Alexandro
382 247 525 277 respondet,
545 254 572 270 se
590 252 690 278 paratos
708 247 807 277 quidem
827 255 883 271 esse
902 249 981 278 sequi,
999 249 1044 272 sed
1061 257 1105 273 ex-

156 279 260 302 haustos
271 287 325 302 esse
342 280 466 303 victoriis:
485 282 654 304 assentiuntur
663 282 737 305 ceteri
753 281 827 305 duces
845 286 868 305 et
884 281 983 311 milites,
999 289 1103 312 quorum

156 314 271 344 precibus
283 314 361 337 victus
372 322 416 338 rex
430 315 463 338 ad
473 315 606 346 Hydaspen
617 316 748 339 revertitur
757 315 886 346 classeque
899 319 986 347 parata
996 317 1105 340 secundo

157 355 228 371 amne
239 347 377 371 devehitur.
414 349 456 372 tv.
477 348 548 372 Circa
563 349 715 373 confluentes
725 349 848 380 Hydaspis
863 354 886 373 et
896 351 1010 373 Acesinis
1026 351 1051 373 in
1066 350 1104 374 Si-

158 382 245 405 borum
254 382 315 406 fines
326 383 438 413 pervenit
449 383 556 413 indeque
572 384 604 407 ad
616 383 703 407 Mallos
715 388 738 406 et
752 383 906 415 Oxydracas.
944 383 1059 408 Oratione
1072 384 1104 408 ud

157 416 248 440 milites
265 417 399 440 seditiosos
415 417 512 443 habita,
532 418 650 441 barbaros
666 418 737 448 fugat
753 425 886 448 eorumque
902 418 1030 449 oppidum,
1046 425 1105 442 eon-

156 454 250 482 tempto
270 455 327 474 vate
348 451 528 482 Demophonte,
548 452 655 477 obsidet.
692 453 720 475 V.
742 451 896 483 Alexander,
916 452 958 482 qui
973 452 1103 483 praecipiti

157 485 222 508 saltu
232 492 258 508 se
269 485 294 508 in
305 486 389 509 urbem
404 486 504 517 plenam
518 490 668 509 armatorum
684 486 752 509 solus
769 487 879 517 immisit,
899 486 1008 517 graviter
1019 485 1104 515 vulne-

157 523 225 542 ratus
236 519 321 543 ultimo
333 521 432 544 tandem
443 520 553 551 periculo
565 527 579 543 a
588 521 640 543 suis
650 521 760 551 eripitur.
798 520 916 552 Magnum
932 521 987 543 eius
1003 527 1034 543 ex
1050 520 1104 543 vul-

157 561 215 576 nere
225 553 373 584 periculum.
408 555 448 578 Vl.
470 553 584 578 Nondum
597 555 658 578 satis
668 560 752 578 curato
762 554 875 585 vulnere,
891 554 1002 577 barbaris
1013 561 1040 577 se
1048 561 1104 585 per-

156 588 207 610 isse
225 588 381 612 credentibus
400 588 507 612 ostendit
529 592 602 618 atque
623 589 710 612 amicis
729 589 882 619 rogantibus,
903 592 930 611 ut
949 587 1022 611 saluti
1043 595 1104 611 suae

156 621 319 652 publicaeque
328 626 447 653 parceret,
458 629 578 653 generose
588 623 731 653 respondet,
751 623 774 646 in
789 623 901 646 instituto
911 629 956 645 suo
968 625 991 645 et
1001 621 1103 645 consilio

158 656 277 679 domandi
293 657 358 679 orbis
375 662 493 680 terrarum
504 663 675 687 perseverans,
710 657 764 681 VII.
784 655 932 680 Graecorum
949 656 1105 686 quorundam

158 689 182 712 in
194 689 324 713 Bactriana
339 690 445 714 defectio
457 698 580 721 repressa.
610 691 677 714 ltlallt
688 696 709 714 el
725 690 869 722 Oxydracae
879 698 906 714 se
916 690 1017 714 dedunt..
1043 689 1104 713 Hor-

158 727 225 746 ratas
240 723 343 748 Macedo
363 729 386 747 et
400 724 540 755 Dioxippus
555 724 714 748 Atheniensis
735 725 872 756 imparibus
893 724 967 747 armis
982 723 1102 755 singulari

157 758 290 782 certamine
300 758 363 781 inter
378 766 404 782 se
414 762 535 790 pugnant.
572 759 658 782 Victor
674 759 812 790 Dioxippus
829 758 902 789 paulo
918 761 974 789 post
990 758 1103 781 inimico-

157 799 211 815 rum
223 791 353 815 calumniis
366 792 429 816 ultra
440 794 540 816 modum
552 793 660 816 irritatus
671 801 697 816 se
712 794 766 824 ipse
782 793 907 817 interimit.
943 792 1008 816 VIII.
1027 791 1104 815 Donis

157 833 171 848 a
179 825 267 856 legatis
279 827 393 850 ludorum
405 828 521 858 acceptis,
532 835 576 851 rex
587 828 696 851 secundo
707 828 767 851 Indo
778 827 810 850 ad
820 831 917 858 gentem
929 825 1049 849 Pataliam
1059 825 1101 848 de-

157 860 262 887 vehitur,
285 861 386 884 domitis
407 862 522 892 gentibus
542 862 631 884 flumen
651 861 826 885 accolentibus.
860 860 993 884 Ptolemaei
1012 858 1103 882 vulnus

157 894 275 918 miraculo
295 899 416 918 sanatum.
453 895 496 920 IX.
523 895 665 918 Alexander
678 895 793 926 cupidine
805 894 902 918 visendi
914 893 1038 917 Oceanum
1049 901 1102 916 cor-

157 933 241 959 replns
254 936 302 952 non
321 929 375 953 sine
390 929 507 960 periculis
521 934 622 960 propter
638 933 721 952 aestus
737 929 874 952 maritimos
886 932 909 951 et
926 931 1056 950 nautarum
1068 928 1112 950 im-

157 963 271 993 peritiam
282 963 381 986 tandem
393 965 444 987 voli
457 964 496 986 sui
514 970 616 994 compos
633 963 752 987 redditur.
788 962 819 987 X.
841 961 952 985 Nearcho
969 961 1061 991 relicto,
1077 965 1104 984 ut

158 1004 215 1020 cum
226 997 305 1020 classe
315 1004 359 1027 per
372 997 498 1021 Oceanum
510 1001 682 1026 reverteretur,
701 998 754 1028 ipse
771 1005 814 1020 rex
829 1003 874 1026 per
884 995 1000 1018 Arabitas
1012 998 1035 1018 et
1051 994 1105 1018 Ori-

157 1036 194 1054 tas
210 1034 233 1054 et
250 1031 361 1062 ingentia
376 1031 509 1055 Cedrosiae
525 1031 623 1054 deserta
638 1038 728 1057 movet,
742 1031 784 1054 ubi
798 1030 920 1054 exercitus
935 1036 990 1052 cum
1005 1035 1102 1051 summa

158 1065 224 1088 fame
235 1069 258 1088 ct
268 1064 411 1096 pestilentia
421 1065 536 1089 luctatur.
573 1065 685 1088 Tandem
702 1065 726 1088 in
738 1064 894 1088 Carmaniam
909 1063 1021 1094 pervenit
1037 1069 1103 1085 eam-

157 1107 206 1128 que
215 1099 343 1123 luxurioso
356 1100 455 1132 agmine
465 1103 591 1131 peragrat,
600 1099 689 1122 Bacchi
699 1098 860 1129 triumphum,
869 1098 940 1121 victis
950 1097 1033 1120 Indiae
1044 1103 1103 1127 gen-

157 1134 230 1159 tibusv
246 1134 357 1158 imitans.

568 1198 659 1225 CAP.
683 1198 704 1225 Ι,

206 1260 237 1296 (1
255 1264 296 1288 ecl.
313 1263 429 1295 Zumpt.)
452 1260 624 1287 Alexander
636 1263 694 1288 tam
706 1256 892 1287 memorabili
904 1257 1030 1286 victoria
1046 1257 1103 1284 lae·
1120 1261 1130 1284 1

124 1307 181 1337 tus,
198 1310 258 1338 qua
273 1301 330 1331 sibi
347 1301 471 1330 orientis
488 1301 564 1329 fines
580 1304 703 1336 apertos
720 1307 790 1328 esse
806 1298 958 1333 censebat,
982 1297 1045 1327 Soli
1061 1297 1104 1326 vi-

124 1342 221 1373 ctimis
237 1343 351 1378 caesis,
379 1342 488 1371 milites
505 1350 643 1378 quoque,
671 1349 731 1377 quo
747 1339 982 1387 promptioribus
998 1338 1105 1368 animis

122 1384 240 1421 reliqua
255 1384 325 1413 belli
341 1383 443 1413 munia
458 1383 582 1417 obirent,
600 1391 654 1419 pio
672 1382 820 1411 concione
835 1381 974 1410 laudatos
994 1379 1106 1414 docuit,

125 1426 269 1463 quicquid
295 1426 377 1455 Indis
399 1425 506 1454 virium
534 1424 649 1459 fuisset
677 1423 727 1452 illa
754 1421 945 1452 dimicatione
972 1426 1105 1459 prosua-

123 1473 198 1498 tum=
223 1472 323 1497 cetera
339 1467 469 1514 opimam
485 1467 627 1503 praedam
644 1466 708 1494 sore
730 1465 958 1500 celebratasque
980 1471 1056 1500 opes
1077 1461 1105 1489 in
1120 1465 1135 1489 2

123 1517 161 1538 ea
175 1509 300 1545 regione
316 1509 457 1543 eminere
475 1516 564 1544 quam
581 1511 725 1544 peterent.
769 1505 896 1535 Proinde
917 1505 975 1533 iam
990 1504 1061 1533 vilia
1077 1507 1106 1531 et

124 1551 263 1580 obsoleta
278 1559 348 1579 esse
365 1549 464 1587 spolia
486 1550 523 1577 de
539 1549 652 1578 Persis:
676 1547 802 1584 gemmis
824 1545 1056 1582 margaritisque
1078 1548 1106 1572 et

123 1600 196 1621 auro
211 1596 302 1628 atque
318 1592 408 1620 ebore
420 1590 629 1619 Macedoniam
643 1589 869 1625 Graeciamque,
883 1596 942 1616 non
956 1594 1028 1615 suas
1040 1589 1104 1614 tan

122 1637 184 1663 tum
199 1633 316 1667 domos
340 1634 486 1669 repletum
509 1632 560 1660 ire
602 1630 693 1660 Avidi
719 1630 826 1659 milites
853 1633 882 1658 et
908 1627 1056 1664 pecuniae
1078 1628 1135 1655 οἰδ

122 1674 252 1711 gloriae,
275 1674 363 1703 simul
386 1674 456 1711 quia
478 1680 630 1709 uunquam
653 1680 707 1701 eos
722 1670 880 1700 affirmatio
903 1669 968 1698 eius
991 1668 1103 1697 fefelle-

122 1720 177 1751 rat,
200 1715 379 1752 pollicentur
395 1723 533 1751 operam:
559 1713 754 1749 dimissisque
771 1720 838 1741 curn
853 1711 933 1739 bona
949 1717 1005 1746 spe
1021 1708 1104 1737 navi-
