1215 1905
128 84 201 114 LlB.
213 84 292 113 Vlll.
309 83 390 113 CAP.
403 83 451 117 111,
468 87 543 112 14—
555 82 636 111 CAP.
650 82 701 117 IV,
720 85 760 112 16.
777 91 845 119 [vut
855 92 936 113 12-15.
949 90 989 116 z.]
1014 79 1074 110 185

57 163 76 191 6
87 163 269 189 occurreret.
291 159 372 196 Ergo
389 158 547 188 ordinibus
560 158 678 192 solutJS,
694 165 748 194 per
761 161 854 187 totum
870 156 979 186 saltum
992 164 1072 185 erra·

87 201 222 231 bundum
236 209 344 237 agmen
362 201 527 236 ferebatur,
549 198 695 234 multique
716 198 802 235 prius
824 202 904 228 metu
926 205 1016 235 quam
1033 198 1073 226 la-

87 243 161 272 bore
184 243 338 279 defatigati
360 245 590 279 prostraverant.
615 240 697 269 humi
719 248 864 277 corpora,
890 246 1075 277 quamquam

56 287 73 314 7
85 283 210 314 imbrem
224 284 272 314 vis
289 283 410 320 frigoris
425 287 568 313 concreto
584 283 654 319 gelu
669 281 859 311 astrinxerat.
896 281 957 310 Alii
972 289 1007 310 se
1022 279 1074 310 sti-

87 326 202 363 pitibus
216 326 358 356 arborum
373 326 587 354 admoverant:
614 324 645 353 id
661 323 797 360 plurimis
814 328 844 353 et
858 322 1076 352 adminiculum

55 371 74 397 8
86 372 116 397 et
130 367 293 404 suffugium
309 371 382 396 erat.
399 367 460 396 Nec
477 367 601 395 fallebat
616 366 717 402 ipsos,
733 365 821 394 morti
837 366 936 394 locum
952 363 1076 400 eligere,

87 417 180 445 quum
205 408 373 438 immobiles
395 408 495 438 vitalis
519 408 602 436 calor
627 407 792 444 linqueret:
819 407 875 436 sed
901 411 986 443 grata
1011 409 1077 435 erat

85 450 206 487 pigritia
221 458 382 487 corporum
401 450 547 486 fatigatis,
571 457 626 478 nec
642 449 824 478 recusabant
840 448 976 485 extingui
991 447 1076 484 quie-

86 492 212 521 scendo.
236 492 353 529 Quippe
369 500 430 521 non
447 491 611 520 vehemens
629 491 736 525 modo,
759 491 812 519 sed
830 489 918 519 etiam
935 489 1077 526 pertinax

87 533 134 563 vis
150 533 220 562 mali
236 533 407 569 insistebat,
431 534 607 569 lucemque,
632 533 767 561 naturale
783 532 939 566 solatium,
957 534 1079 567 praeter

87 579 298 612 tempestatem
312 575 394 605 haud
410 575 564 612 disparem
580 574 661 604 nocti
675 574 820 603 silvarum
834 580 958 609 quoque
969 572 1077 601 umbra

57 620 75 647 9
89 621 315 654 suppresserat.
341 618 407 647 Rex
424 626 502 646 unus
519 616 591 647 tanti
606 617 674 645 mali
689 615 809 652 patiens
826 614 985 644 cimumire
1001 613 1075 642 mili-

89 663 150 694 tes,
166 659 344 688 contrahere
357 659 532 696 disperSOS,
559 658 691 687 allevare
707 661 894 694 prostratos,
911 656 1078 686 ostendere

87 701 195 737 procul
210 702 364 730 evolutum
377 709 414 730 ex
432 699 558 737 tuguriis
577 700 691 728 sumum
709 698 901 735 hortarique,
921 701 954 727 ut
974 696 1076 734 proxi—

49 746 80 771 10
88 750 136 771 ma
153 750 294 779 quaeque
310 742 442 778 suffugia
457 745 652 777 occuparent.
696 741 758 770 Nec
773 740 835 769 ulla
849 748 899 768 res
915 739 1012 775 magis
1028 747 1077 768 sa—

88 783 140 813 luti
157 784 219 817 suit,
237 792 328 820 quam
341 784 424 819 quod
436 783 632 820 multiplicato
647 782 751 811 labore
764 781 967 811 sufficientem
980 780 1076 809 malis.

88 825 199 861 quibus
216 825 276 862 ipsi
291 829 458 859 cesserant,
474 833 577 861 regem
593 825 736 853 deserere
752 823 985 853 erubescebant.

46 871 78 896 ll
164 866 232 902 (15)
255 867 392 896 Ceterum
409 866 565 895 efficacior
579 866 609 895 in
625 865 764 895 adversis
782 864 966 899 necessitas,
985 871 1079 900 quam

87 907 180 944 ratio,
204 908 325 945 frigoris
351 908 517 937 remedium
540 907 662 937 invenit.
706 906 848 936 Dolabris
876 906 956 936 enim
982 905 1078 934 silvas

89 954 225 979 sternere
241 950 379 986 aggressi
396 949 511 986 passim
526 957 656 978 acervos
675 953 838 984 struesque
859 947 1077 977 accenderunt.

47 995 79 1020 12
90 991 259 1021 Continenti
282 991 422 1020 incendio
443 991 550 1020 ardere
571 990 715 1019 crederes
741 990 849 1019 saltum
877 993 907 1019 et
927 989 980 1018 vix
1001 988 1081 1018 inter

89 1032 228 1063 flammas
249 1033 420 1070 agminibus
441 1031 579 1062 relictum
599 1032 709 1061 locum.
751 1031 808 1060 Hic
825 1032 909 1060 calor
924 1029 1080 1067 stupentia

88 1075 224 1104 membra
239 1074 418 1109 commovit,
435 1074 640 1110 paulatimque
656 1072 796 1109 spiritus,
815 1081 905 1109 quem
921 1073 1080 1102 continue·

47 1119 80 1146 13
88 1121 133 1146 rat
147 1116 238 1153 rigor,
255 1124 357 1145 meare
373 1116 466 1145 libere
483 1115 594 1152 coepit.
615 1115 775 1151 Excepere
789 1114 865 1143 alios
879 1118 958 1144 tecta
970 1114 1081 1142 barba-

87 1166 200 1193 rorum,
218 1166 297 1195 quae
314 1158 341 1186 in
358 1157 463 1186 ultimo
480 1157 558 1186 saltu
573 1156 675 1185 abdita
687 1156 857 1185 necessitas
874 1155 1078 1192 investigave-

88 1204 147 1235 rat,
170 1199 248 1229 alios
266 1204 380 1234 castra,
405 1206 484 1236 quae
500 1198 529 1226 in
549 1198 673 1227 humido
691 1197 829 1234 quidem,
852 1198 909 1227 sed
925 1196 984 1226 iam
1000 1195 1079 1226 coeli

88 1241 267 1271 mitescente
283 1241 425 1275 saevitia,
442 1241 628 1270 locaverunt.
664 1240 730 1269 Duo
747 1239 829 1268 milia
845 1239 971 1268 militum
985 1243 1080 1274 atque

47 1286 81 1312 14
89 1282 217 1312 lixarum
243 1284 446 1319 calonumque
473 1281 569 1318 pestis
596 1282 646 1310 illa
670 1280 870 1317 consumpsit.
912 1279 1079 1309 Memoriae

88 1325 241 1361 proditum
257 1329 312 1359 est,
330 1325 480 1361 quosdam
500 1322 671 1360 applicatos
686 1323 829 1352 arborum
845 1322 960 1352 truncis
972 1326 1003 1351 et
1016 1329 1079 1350 non

89 1367 188 1396 solum
201 1366 384 1401 viventibus,
400 1366 455 1394 sed
467 1365 556 1394 etiam
569 1364 645 1394 inter
658 1372 692 1393 se
705 1364 951 1401 colloquentibus
962 1363 1080 1393 similes

88 1415 159 1437 esse
171 1412 366 1445 conspectos,
380 1408 506 1436 durante
519 1406 618 1435 adhuc
634 1405 747 1441 habitu,
759 1406 789 1434 in
803 1414 864 1442 quo
877 1413 960 1435 mors
975 1412 1079 1441 quem—

46 1453 80 1478 15
90 1458 150 1485 que
162 1450 414 1487 deprehenderat.
436 1449 525 1477 Forte
538 1448 665 1477 Macedo
679 1447 836 1484 gregarius
850 1447 946 1481 miles,
964 1445 1079 1484 [aegre]

89 1499 187 1527 seque
207 1495 237 1521 et
258 1499 342 1520 arma
363 1494 554 1524 sustentans,
582 1490 702 1518 tandem
724 1488 754 1517 in
771 1492 871 1518 castra
887 1490 1079 1525 pervenerat.

89 1532 155 1568 Quo
178 1533 246 1562 viso
267 1541 337 1567 rex,
364 1539 549 1569 quamquam
571 1530 639 1567 ipse
661 1530 855 1559 tummaxime
870 1530 993 1559 admoto
1008 1528 1080 1565 igne

88 1574 248 1604 refovebat
262 1579 356 1609 artus,
371 1582 410 1603 ex
426 1574 502 1602 sella
517 1581 574 1601 sua
589 1572 694 1601 exiluit
709 1576 940 1608 torpentemque
955 1570 1079 1600 militem

88 1620 118 1645 et
132 1616 185 1645 vix
201 1620 374 1653 compotem
390 1614 508 1650 mentis,
524 1613 656 1650 demptis
667 1613 768 1647 armis,
786 1613 816 1642 in
829 1622 885 1643 sua
899 1613 974 1643 sede
989 1611 1080 1641 iussit

50 1660 81 1687 16
89 1657 260 1687 considere.
283 1658 336 1687 Ille
352 1657 404 1687 diu
420 1664 486 1691 nec,
503 1656 554 1685 ubi
569 1655 787 1692 requiesceret,
804 1663 869 1689 nec,
883 1663 901 1684 a
917 1662 977 1691 quo
995 1658 1080 1683 esset

90 1704 255 1737 exceptus,
271 1699 405 1736 agnovit.
448 1698 597 1732 Tandem,
613 1701 738 1734 recepto
755 1697 856 1726 calore
873 1696 969 1731 vitali,
985 1699 1018 1724 ut
1033 1702 1078 1724 re-
