1215 1905
243 75 314 104 LIB.
332 76 410 104 Vlll.
433 75 514 105 CAP.
532 77 552 111 1,
573 81 670 105 l—ll.
691 86 758 113 [νιιι.
780 88 798 108 ι.
817 88 838 108 ².
859 86 898 111 zJ
1029 75 1092 106 175

101 150 358 187 Hephaestionem
374 150 434 187 uni,
451 150 573 180 Coenon
591 151 676 180 alteri
690 152 785 181 duces
799 151 939 181 dederat:
956 151 1023 188 ipse
1040 160 1088 181 ce<

70 192 171 223 2teris
193 197 340 229 praeerat.
386 193 447 222 Sed
471 201 531 222 non
555 194 661 222 eadem
685 201 770 222 mens
793 193 933 223 omnibus
949 193 1090 223 barbaris

99 233 162 263 fuit.
207 234 309 263 Armis
326 234 448 270 quidam
461 235 594 269 subacti,
618 236 721 271 plures
738 239 808 264 aute
825 239 977 264 certamen
993 235 1087 271 impe-

99 280 163 305 rata
180 275 329 305 fecerunt:
346 275 456 312 quibus
473 284 588 310 eorum,
606 276 657 312 qui
674 277 702 305 in
719 277 890 306 desectione
909 284 1087 313 persevera-

69 321 86 348 3
100 321 213 348 verant,
231 318 322 347 urbes
337 325 490 354 agrosque
507 318 594 347 iussit
609 317 740 347 attribui.
763 319 802 347 At
817 319 924 347 exules
936 318 1088 347 Bactriani

98 367 166 388 curn
179 359 274 388 DCCC
287 359 528 395 Massagetarum
544 360 698 396 equitibus
712 359 869 396 proximos
882 360 968 389 vicos
986 364 1086 389 vasta·

97 404 213 430 verunt.
245 401 293 429 Ad
310 408 387 437 quos
404 402 593 430 coercendos
610 403 744 437 Attinas,
761 401 896 438 regionis
913 402 979 431 eius
998 409 1086 438 prae-

48 457 50 459 >
98 442 203 477 fectus,
221 442 288 470 CCC
301 442 429 478 equites,
446 442 632 477 insidiarum,
650 451 728 479 quae
740 444 932 479 parabantur,
950 443 1086 480 ignarus,

42 494 47 497 -
68 489 85 514 4
97 483 210 513 eduxit.
254 484 389 520 Namque
407 484 503 514 hostis
520 485 548 513 in
565 484 665 518 silvis⁷
687 493 766 521 quae
782 489 867 514 erant.
883 486 959 514 forte
976 492 1086 521 campo

98 525 232 561 iunctae,
249 530 394 555 auimatum
407 526 528 555 militem
545 526 694 560 condidit,
718 526 826 563 paucis
842 526 1086 563 propellentibus

97 575 224 603 pecora,
252 572 283 596 ut
304 567 505 604 improvidum
531 568 570 597 ad
596 567 723 597 insidias
752 568 866 604 praeda
892 568 1084 604 perduceret.

67 609 201 646 51taque
225 609 425 646 incomposito
447 610 566 646 agmine
588 610 757 646 solutisque
785 609 942 639 ordinibus
964 611 1085 638 Attinas

98 650 333 687 praedabundus
357 651 556 687 sequebatur:
583 660 672 687 quem
688 656 949 688 praetergressum
966 651 1083 685 silvam,

98 692 149 728 qui
166 692 194 720 in
213 701 249 721 ea
264 693 481 727 consederant,
505 701 543 722 ex
558 692 725 729 improviso
745 693 843 722 adorti
859 701 927 721 cum
944 692 1084 722 omnibus

68 738 84 764 6
97 734 318 764 interemerunt.
362 734 504 764 Celeriter
526 735 564 763 ad
589 734 742 764 Crateffliu
769 734 858 763 huius
887 734 981 763 cladis
1005 734 1084 763 falna

98 776 212 812 perlata
228 780 288 807 est.
306 776 356 812 qui
374 783 441 804 cum
458 776 538 805 omni
556 776 690 812 equitatu
706 776 898 812 supervenit:
922 779 951 805 et
965 776 1083 805 Massa<

96 817 183 854 getae
200 816 320 853 quidem
338 818 395 846 iam
411 818 600 854 refugerant,
623 818 727 847 Dahae
743 818 822 846 mille
839 817 982 854 oppressi
997 822 1083 847 sunt:

68 863 83 889 7
96 866 224 895 quorum
237 859 323 888 clade
338 859 428 888 totius
439 859 573 896 regionis
588 859 671 888 finita
683 859 814 889 defectio
828 864 882 888 est.
906 859 1084 888 Alexander

97 909 230 937 quoque,
244 900 406 938 Sogdianis
421 909 526 930 rursus
541 901 685 935 subactis,
702 901 887 930 Maracanda
897 901 1016 937 repetit.
1038 900 1083 930 Ibi

96 942 227 977 Boules,
251 950 339 979 quem
360 943 398 971 ad
422 943 553 980 Scythas
578 951 671 979 super
686 943 857 980 Bosporum
873 943 1009 972 colentes
1029 942 1069 971 mi

66 988 84 1014 8
95 988 185 1018 serat,
202 992 270 1013 eum
286 984 392 1021 legatis
410 984 507 1021 gentis
524 985 664 1014 occurrit.
687 984 929 1021 Phrataphernes
948 992 1083 1021 quoque,

97 1026 147 1063 qui
171 1025 353 1055 Chorasmiis
377 1030 529 1062 praeerat,
554 1025 737 1062 Massagetis
759 1031 788 1055 et
809 1026 902 1055 Dahis
923 1026 1082 1062 regionum

96 1067 227 1096 confinio
245 1067 421 1101 adiunctus,
445 1068 581 1099 miserat,
600 1067 651 1103 qui
667 1068 816 1097 facturum
831 1067 978 1104 imperata
993 1067 1082 1104 polli-

66 1113 82 1140 9
94 1113 243 1139 cei-entur.
266 1109 398 1147 Scythae
416 1110 567 1146 petebant,
584 1114 614 1138 ut
630 1109 711 1146 regis
726 1109 773 1139 sui
786 1110 877 1138 filiam
890 1109 1081 1138 matrimonio

94 1150 152 1180 sibi
167 1151 318 1188 iungeret:
336 1151 361 1180 si
378 1151 593 1187 dedignaretur
607 1151 792 1186 affinitatem,
809 1151 964 1187 principes
980 1151 1080 1180 Mace-

95 1193 203 1222 donum
221 1201 288 1222 curn
310 1192 494 1230 primoribus
517 1201 591 1222 suae
613 1193 711 1229 gentis
728 1192 881 1222 connubio
899 1193 982 1222 coIre
997 1197 1081 1229 pate—

93 1239 190 1264 retur:
206 1234 306 1271 ipsum
323 1243 446 1272 quoque
462 1242 563 1272 regem
580 1239 739 1264 venturum
756 1235 795 1264 ad
811 1243 879 1264 eum
893 1234 1081 1271 polliceban-

54 1280 147 1306 lotur.
175 1276 310 1313 Utraque
326 1277 477 1313 legatione
492 1277 622 1313 benigne
638 1277 756 1312 audita,
777 1276 1036 1313 Hephaestionem
1052 1280 1082 1305 et

92 1319 274 1348 Artabazum
290 1318 454 1354 opperiens
471 1318 580 1348 stativa
601 1318 720 1348 habuit:
748 1318 859 1355 quibus
882 1318 1033 1347 adiunctis
1050 1318 1079 1346 in

92 1360 256 1396 regionem,
279 1368 357 1396 quae
372 1361 543 1396 appellatur
556 1361 693 1393 Bazaira,
710 1360 857 1397 pervenit.

52 1406 81 1431 ll
167 1401 214 1436 (2)
234 1402 388 1430 Barbarae
405 1402 578 1438 opulentiae
600 1402 629 1430 in
652 1402 710 1431 illis
728 1402 804 1431 loeis
826 1402 907 1431 haud
928 1402 989 1430 ulla
1011 1404 1081 1430 sunl.

92 1442 205 1472 maiora
220 1442 346 1477 indicia,
370 1451 460 1480 quam
481 1443 599 1480 magnis
620 1443 795 1473 nemoribus
818 1443 1009 1479 saltibusque
1027 1451 1079 1472 no—

51 1483 193 1514 labilium
210 1484 339 1513 ferarum
355 1493 464 1521 greges
482 1485 567 1514 clusi.
591 1485 751 1522 Spatiosas
767 1485 807 1514 ad
825 1485 884 1514 hoo
900 1484 1014 1521 eligunt
1030 1484 1078 1513 sit

90 1534 162 1561 vas,
178 1526 293 1555 crebris
306 1526 482 1562 perennium
498 1535 644 1564 aquarum
662 1527 794 1556 lontibus
807 1534 969 1556 amoenas:
986 1525 1079 1555 muris

91 1575 216 1597 nemora
225 1568 385 1604 cinguntur
399 1573 558 1605 turresque
571 1569 681 1597 habent
690 1568 862 1597 venantium
874 1569 1078 1604 receptacula.

50 1609 235 1646 139uauuor
256 1610 407 1639 continuis
429 1610 579 1639 aetatibus
601 1610 743 1639 intactum
766 1611 876 1640 saltum
897 1609 991 1639 fuisse
1007 1617 1079 1639 eon-

91 1651 204 1681 stabat:
228 1659 319 1688 quem
334 1652 510 1681 Alexander
525 1660 593 1681 cum
609 1656 671 1681 toto
689 1652 824 1681 exercitu
840 1652 998 1688 ingressus
1016 1650 1078 1688 agi-

50 1692 143 1722 utari
159 1693 294 1730 undique
311 1694 390 1723 seras
406 1693 505 1723 iussit.
528 1694 608 1723 Inter
623 1702 700 1730 quas
717 1702 808 1731 quum
825 1694 882 1729 leo,
900 1692 1078 1730 magnitudi-
