1215 1895
97 46 136 77 m
439 47 472 82 Q.
496 46 651 75 CURTII
671 46 780 76 RUFI

173 122 234 151 Sed
250 121 308 150 iam
324 121 373 150 illa
390 129 515 157 quoque
537 121 634 151 victor
654 121 830 157 intraverat,
855 121 936 151 omni
959 121 1122 158 quidem2o

97 163 251 200 opulentia
267 162 348 192 ditia.
372 163 481 198 Ingens
496 163 562 192 auri
576 163 755 200 argentique
771 163 908 200 pondus,
923 172 983 193 non
998 163 1079 199 belli,

96 206 151 234 sed
163 204 299 234 luxuriae
312 208 500 240 apparatum,
513 204 698 242 diripuerant
710 204 829 234 milites.
843 204 1000 241 Quumque
1009 205 1078 241 plus

96 250 254 282 raperent,
276 245 392 282 passim
414 250 507 276 strata
528 251 613 276 erant
633 247 740 276 itinera
761 245 919 275 vilioribus
941 246 1079 281 sarcinis,

98 297 174 324 quas
200 287 230 316 in
258 287 485 323 comparatione
514 288 671 318 meliorum
697 287 824 318 avaritia
846 291 1079 324 contempserat.

95 330 220 365 lamque
241 329 280 358 ad
302 329 429 358 feminas
447 334 626 366 perventum
642 334 720 366 erat,
745 330 856 366 quibus
881 337 941 365 quo
963 328 1120 359 cariora21

97 374 274 400 ornamenta
302 375 373 400 sunt
384 393 391 406 ‚
421 371 583 401 violentius
612 372 865 401 detrahebantur:
905 379 943 400 ne
972 380 1079 408 corpo-

94 412 177 441 ribus
207 412 330 449 quidem
358 411 405 441 vis
435 421 471 441 ac
500 413 593 443 libido
623 414 774 450 parcebat.
826 412 931 442 Omnia
958 414 1080 450 planctu
1088 418 1122 443 22

96 455 300 490 tumultuque,
323 458 412 490 prout
433 454 543 491 cuique
565 456 684 485 fortuna
700 460 777 490 erat,
799 456 1006 492 repleverant,
1024 463 1080 484 nec

94 497 155 524 ulla
172 495 265 525 facies
282 495 350 524 mali
366 496 483 531 deerat,
507 506 598 533 quum
620 506 675 533 per
689 505 795 527 omnes
811 496 934 526 ordines
950 501 1078 526 aetates-

96 546 155 574 que
172 536 294 566 victoris
311 537 473 567 crudelitas
490 546 526 567 ac
549 538 668 568 licentia
688 543 858 576 vagaretur.
902 538 985 567 Tunc
1007 546 1079 567 vero
1088 542 1122 568 23

94 578 267 615 impotentis
284 579 421 608 fortunae
437 579 558 616 species
575 580 711 616 conspici
728 579 838 617 potuit,
862 588 953 616 quum
969 579 1003 614 ii,
1028 579 1080 616 qui

93 625 193 649 tamen
214 621 312 651 Dareo
334 621 562 650 tabernaculum
589 626 826 657 exornaverant,
853 621 934 650 omni
955 622 1028 650 luxu
1050 626 1080 650 et

95 662 249 698 opulentia
264 662 456 697 instructum,
479 663 586 692 eadem
602 663 651 692 illa
665 663 840 692 Alexandro
850 686 857 698 ‚
882 662 970 699 quasi
985 662 1080 692 veteri

95 703 227 737 domino,
244 704 451 733 reservabant.
491 704 628 741 Namque
649 704 679 734 id
698 706 797 734 solum
812 704 957 733 intactum
972 704 1080 734 omise-

94 749 160 773 rant
175 745 294 779 milites,
311 745 351 774 ita
365 745 473 774 tradito
487 754 579 781 more,
597 750 629 775 ut
644 746 789 776 victorem
805 745 876 774 victi
891 745 972 782 regis
986 745 1080 775 taber·

94 787 202 815 naculo
219 786 406 823 exciperent.

173 827 239 864 (29)
263 828 323 857 Sed
341 828 473 858 omnium
490 830 597 859 oculos
613 829 793 866 animosque
809 830 838 858 in
855 833 951 858 semet
962 833 1077 858 averte-
1085 832 1119 858 24

94 874 160 899 rant
175 869 314 906 captivae
329 875 423 899 mater
438 870 634 908 coniunxque
649 871 753 900 Darei:
778 870 827 899 illa
846 879 906 900 non
922 870 1080 899 maiestate

94 912 201 946 solum,
217 912 271 940 sed
289 912 377 940 etlam
393 916 491 941 aetate
509 912 705 948 venerabilis,
726 913 801 942 haec
818 913 933 942 formae
949 912 1078 948 pulchri-

94 953 206 988 tudine,
223 961 261 981 ne
274 952 324 982 illa
337 953 459 989 quidem
470 958 551 983 sorte
565 959 735 990 corruptae.
757 955 927 990 Receperat
938 953 967 982 in
980 953 1078 983 sinum

93 994 187 1023 tilium
209 995 344 1024 nondum
360 1000 479 1025 sextum
495 1004 606 1024 annum
622 995 729 1025 aetatis
745 1004 920 1032 egressum,
941 995 970 1023 in
993 1003 1079 1031 spem

93 1041 192 1065 tantae
209 1037 361 1071 fortunae,
384 1042 526 1073 quantam
550 1042 634 1073 pater
653 1037 718 1066 eius
736 1038 826 1073 paulo
843 1041 912 1066 ante
927 1036 1077 1071 amiserat,

93 1078 235 1114 genitum.
272 1079 313 1107 At
327 1078 355 1107 in
373 1078 487 1115 gremio
503 1087 580 1107 anus
596 1078 683 1107 aviae
698 1078 837 1107 iacebant
851 1079 971 1107 adultae
987 1077 1118 1114 virgi-25

94 1128 148 1148 nes
164 1120 258 1155 duae,
280 1128 341 1148 non
361 1128 417 1149 suo
434 1124 563 1155 tantum,
580 1120 635 1149 sed
652 1119 740 1150 etiam
755 1119 834 1149 illius
853 1127 990 1149 maerore
1006 1127 1077 1149 con-

95 1162 200 1190 l'ectac.
224 1161 334 1197 lugens
357 1161 438 1191 circa
462 1169 528 1190 eam
544 1161 690 1190 nobilium
706 1161 882 1190 feminarum
898 1161 985 1190 turba
1006 1169 1078 1190 con-

93 1202 217 1238 stiterat,
233 1202 373 1232 laceratis
390 1202 524 1232 crinibus
542 1203 743 1238 abscissaque
761 1208 861 1236 veste,
885 1202 1004 1239 pristini
1026 1202 1077 1231 de-

93 1243 173 1273 coris
195 1243 402 1279 immemores,
431 1244 553 1281 reginas
580 1243 782 1280 dominasque
806 1244 888 1273 veris
915 1244 1078 1280 quondam,

95 1290 164 1314 tunc
180 1285 287 1315 alienis
305 1285 477 1315 nominibus
493 1286 680 1315 invocantes.
717 1286 790 1314 illae
809 1294 883 1315 suae
900 1285 1077 1314 calamitatis
1085 1289 1118 1314 26

92 1327 218 1362 oblitae,
240 1327 269 1356 in
285 1332 352 1357 utro
369 1336 464 1357 cornu
479 1328 595 1356 Dareus
612 1327 761 1362 stetisset,
786 1336 864 1364 quae
881 1328 1001 1356 fortuna
1016 1326 1077 1355 dis-

92 1368 224 1398 criminis
238 1369 354 1404 suisset,
370 1369 574 1406 requirebant.
618 1369 788 1406 Negabant‚
806 1377 839 1398 se
855 1373 975 1405 captas,
992 1368 1017 1397 si
1034 1367 1076 1396 vi-

91 1415 176 1439 veret
191 1419 253 1439 rex.
278 1410 339 1440 Sed
352 1410 434 1440 illum
447 1419 544 1447 equos
557 1410 687 1439 subinde
699 1414 860 1440 mutantem
875 1410 995 1446 longius
1008 1410 1079 1445 suga

90 1452 265 1482 abstulerat.

173 1494 205 1522 In
221 1494 286 1523 acie
302 1498 402 1523 autem
417 1502 508 1523 caesa
530 1499 600 1523 sunt
620 1494 777 1523 Persarum
800 1493 935 1530 peditum
957 1495 1115 1522 centum&

91 1533 179 1565 milia,
198 1535 305 1564 decem
321 1535 465 1572 equitum.
503 1537 542 1565 At
563 1545 581 1565 a
601 1540 688 1572 parte
709 1535 874 1564 Alexandri
891 1538 1031 1570 quattuor
1046 1538 1076 1563 et

91 1576 247 1613 quingenti
264 1577 359 1606 saucii
376 1578 468 1612 fuere,
485 1586 523 1607 ex
536 1577 690 1614 peditibus
702 1576 823 1613 triginta
836 1576 957 1605 omnino
974 1580 1003 1604 et
1014 1575 1074 1604 duo

90 1617 255 1647 desiderati
275 1623 359 1653 sunt,
381 1619 515 1655 equitum
537 1624 657 1648 centum
681 1617 898 1655 quinquaginta
919 1616 1077 1646 interfecti.

89 1659 214 1689 Tantulo
231 1660 384 1696 impendio
401 1660 508 1696 ingens
524 1660 650 1690 victoria
667 1659 756 1689 stetit.
