1215 1905
213 110 284 139 ΗΒ.
301 110 366 138 Vll.
382 108 465 138 CAP.
482 109 502 143 l,
519 112 638 138 16—35.
653 119 709 145 [vn¹
728 119 788 140 2-5.
811 117 850 143 κ]
993 105 1055 136 143

145 184 192 221 (4)
216 186 394 219 Amicitiam,
418 192 494 221 quae
508 184 589 213 nobis
600 193 666 214 cum
679 185 794 214 Philota
804 184 880 219 fuit,
907 183 982 212 adeo
995 191 1053 211 non

64 236 97 258 eo
109 228 217 263 infitias
225 250 232 263 ‚
250 231 281 256 ut
297 228 442 263 expetisse
460 233 572 263 quoque
585 234 637 255 nos
649 233 827 262 maynosque
837 233 877 254 ex
886 232 922 254 ea
932 224 1053 260 fructus

23 271 227 307 27percepisse
238 270 387 304 confitear.
420 268 466 296 An
480 276 547 297 vero
558 268 769 302 Parmenionis,
782 275 867 304 quem
879 267 931 295 tibi
941 267 1051 302 proxi-

63 319 140 341 mum
150 319 211 341 esse
222 311 350 346 voluisti,
367 311 462 346 filium
473 317 571 339 omnes
577 318 676 346 paene
688 311 797 338 amicos
808 312 870 337 tuos
882 309 1053 344 dianatione

22 355 221 384 zenincentem
232 353 340 382 cultum
351 360 370 381 a
383 352 464 381 nobis
476 360 537 381 esse
547 350 689 380 miraris?
718 351 760 380 Tu
771 351 901 384 hercule,
914 351 941 378 si
952 358 1051 379 rerum

64 396 170 425 audire
189 396 243 429 vis,
267 403 337 430 rex,
361 394 447 423 temus
464 394 544 423 nobis
558 394 688 431 periculi
704 401 735 423 es
746 400 847 422 causa.
889 392 959 426 Quis
974 393 1051 421 enim

64 438 141 466 alius
155 436 264 472 effecit,
279 440 309 465 ut
322 436 364 465 ad
373 436 516 465 Philotam
531 436 738 469 decurrerent,
753 436 805 471 qui
811 435 937 471 placere
948 434 1053 462 vellent

63 479 115 508 tibi
121 477 136 507 ?
156 479 198 507 Ab
212 479 260 507 illo
273 478 376 506 traditi
385 478 428 506 ad
437 477 515 506 hunc
524 477 655 513 pradum
670 478 817 506 amicitiae
827 479 896 505 tuae
909 475 1051 504 ascendi-

63 526 134 549 mus.
171 520 202 549 Is
213 520 296 556 apud
308 523 334 548 te
341 519 417 555 suit,
432 521 516 548 cuius
523 520 653 555 aratiam
669 521 808 556 expetere
820 521 848 547 et
859 518 936 546 iram
951 518 1052 545 timere

23 564 219 598 29possemus⁴
262 562 294 590 Si
312 569 383 596 non,
401 561 615 597 propemodum
633 562 727 589 intua
747 560 835 589 verba
852 562 984 588 erratum
999 562 1051 587 est.

65 602 182 637 Omnes,
201 607 228 632 te
236 606 410 640 praeeunte,
429 603 606 638 iuravimus,
626 602 740 632 eosdem
759 609 812 631 nos
826 601 957 630 inimicos
971 601 1050 628 ami—

62 653 166 681 cosque
177 645 326 673 habituros
339 653 400 673 esse
408 666 415 679 ‚
436 651 507 680 quos
517 647 548 673 tu
558 644 696 674 haberes:
718 644 773 673 hoc
785 647 969 672 sacramento
981 644 1050 678 pie-

63 688 130 715 tatis
148 687 276 716 obstricti
292 693 499 715 aversaremur
519 687 642 720 scilicet,
669 694 753 722 quem
771 689 800 714 tu
814 685 945 714 omnibus
954 692 1050 720 prae-

21 731 55 758 30
59 728 180 763 serebas
188 727 199 757 l
219 728 330 764 Iyitur,
348 729 375 756 si
384 728 438 757 hoc
450 729 560 756 crimen
570 731 628 762 est,
644 735 756 763 paucos
766 728 932 756 innocentes
945 726 1051 754 habes:

62 771 146 799 immo
167 770 287 798 hercule
313 771 464 798 neminem.
511 769 613 798 Omnes
627 770 704 798 enim
729 769 861 798 Philotae
881 768 971 796 amici
989 775 1050 796 esse

62 812 226 845 voluerunt,
242 811 294 839 sed
304 811 419 839 totidem
427 833 434 846 ‚
446 813 515 846 quot
525 811 658 840 volebant
667 819 744 845 esse,
759 818 817 839 non
823 813 972 846 poterant.
991 808 1050 843 Ita,

60 853 87 882 si
105 860 124 881 a
143 853 265 882 consciis
279 853 387 880 amicos
404 859 460 880 non
474 852 596 887 dividis,
616 860 653 881 ne
664 853 700 881 ab
717 853 820 881 amicis
830 851 947 888 quidem
957 858 1049 887 sepa-

21 897 52 924 31
61 894 142 923 rabis
152 895 225 929 illos,
238 894 290 930 qui
299 894 374 922 idem
385 902 446 922 esse
458 895 618 923 voluerunt.
654 893 739 928 Quod
752 894 843 929 iqitur
856 892 1051 922 conscientiae

60 935 188 971 affertur
200 935 341 964 indicium
348 933 363 964 ?
380 935 416 964 Ut
427 936 540 971 opinor,
551 937 621 971 quia
630 936 732 972 pridie
741 935 937 970 familiariter
948 937 977 963 et
986 934 1050 962 sine

60 978 180 1006 arbitris
201 978 312 1006 locutus
328 980 370 1006 est
389 977 544 1006 nobiscum.
579 978 617 1006 At
632 985 684 1013 eqo
697 985 834 1013 puryare
850 983 907 1005 non
924 983 1049 1012 possem,

61 1020 88 1048 si
96 1019 198 1055 pride‘e
209 1020 363 1055 quicquam
375 1027 413 1048 ex
429 1022 522 1048 vetere
539 1020 598 1048 vita
619 1027 656 1048 ac
673 1027 753 1048 more
766 1021 929 1047 mutassem.
964 1017 1050 1046 Nunc

62 1068 143 1095 vero,
156 1061 190 1095 si,
203 1064 234 1089 ut
244 1060 374 1089 omnibus
385 1061 493 1094 diebus,
507 1062 557 1090 illo
567 1068 680 1097 quoque
688 1083 695 1096 ‚
710 1062 762 1096 qui
772 1064 923 1096 suspectus
935 1062 984 1093 est,
994 1058 1048 1094 se-

61 1104 162 1136 cimus‚
173 1103 348 1131 consuetudo
361 1103 450 1131 diluet
461 1104 580 1132 crimen.

21 1146 54 1173 32
135 1142 181 1178 (5)
204 1143 264 1172 Sed
277 1152 363 1180 equos
381 1143 545 1180 Antiphani
559 1152 615 1173 non.
634 1144 780 1177 dedimus,
802 1146 831 1172 et
841 1143 941 1179 pridie
960 1150 1048 1178 quam

61 1185 192 1214 Philotas
205 1185 331 1214 detectus
341 1189 391 1220 est,
414 1186 487 1214 haec
499 1186 572 1214 milti
581 1194 646 1215 cum
660 1185 827 1222 Antiphtine
837 1193 885 1213 res
896 1183 980 1213 erat!
999 1184 1050 1220 qui

60 1227 151 1256 sinos
162 1230 310 1263 suspectos
320 1227 428 1262 facere
444 1228 518 1262 vult,
533 1228 612 1263 quod
628 1228 676 1256 illo
689 1227 738 1256 die
753 1234 842 1262 equos
853 1234 909 1254 non
925 1225 1048 1254 dederi-

61 1275 124 1297 mus
132 1291 139 1304 ‚
162 1270 359 1305 semetipsum,
375 1269 454 1305 quod
463 1276 511 1297 eos
524 1269 752 1303 desideraverit,
764 1275 899 1304 purqare
911 1275 968 1296 non
978 1270 1048 1303 pot-

20 1311 125 1340 aserit.
162 1310 277 1346 Anceps
291 1311 367 1339 enim
380 1312 491 1339 crimen
503 1314 546 1340 est
556 1312 631 1339 inter
645 1311 815 1339 retinentem
829 1313 857 1338 et
866 1310 1029 1345 exi'aentem
1038 1319 1047 1337 :

61 1353 119 1380 nisi
128 1352 206 1388 quod
215 1353 317 1381 metior
330 1355 373 1381 est
385 1360 477 1381 causa
488 1361 571 1381 suum
584 1360 641 1381 non
653 1352 805 1387 tradentis,
820 1359 908 1387 quam
919 1358 1048 1388 poscen-

20 1395 97 1422 34tis
112 1395 247 1422 alienum.
281 1394 413 1422 Ceterum
423 1416 430 1429 ,
451 1403 523 1424 rex,
549 1402 637 1430 equos
656 1394 755 1424 decem
774 1393 879 1429 habui,
907 1401 923 1422 e
946 1393 1049 1429 quibus

62 1435 241 1472 Antiphanes
262 1439 323 1464 octo
348 1437 406 1464 iam
430 1436 621 1465 distribuerat
642 1436 695 1471 liis,
721 1436 773 1471 qui
793 1436 954 1464 amiserant
972 1441 1048 1463 suos.

65 1475 185 1505 Omnino
197 1477 269 1506 duos
282 1478 344 1513 ipse
357 1477 514 1506 habebam:
527 1485 597 1513 quos
608 1485 696 1514 quum
708 1478 792 1506 vellet
804 1477 950 1506 abducere
965 1476 1049 1504 homo

58 1518 296 1554 superbissimus,
317 1522 395 1547 certe
405 1519 615 1555 iniquissimus,
632 1520 689 1548 nisi
698 1518 788 1554 pedes
800 1519 927 1547 militare
937 1518 1047 1552 vellem,

20 1561 53 1589 35
62 1561 189 1588 retinere
203 1560 337 1595 coqebar.
376 1560 431 1589 Nec
442 1561 550 1595 infitias
561 1568 608 1595 eo,
623 1561 710 1590 liberi
720 1561 845 1588 hominis
855 1561 952 1589 animo
963 1560 1047 1588 locu-

61 1604 119 1630 tum
133 1609 195 1630 esse
206 1609 251 1630 me
261 1610 326 1630 cum
339 1602 524 1637 ignavissimo
535 1606 563 1631 et
572 1603 627 1631 hoc
639 1610 728 1630 unum
741 1602 861 1630 militiae
872 1609 944 1630 suae
953 1609 1047 1629 usur-

58 1647 148 1679 pante
156 1665 163 1678 ‚
194 1647 224 1671 ut
247 1644 360 1672 alienos
380 1651 469 1679 equos
483 1645 665 1680 puqnaturis
687 1643 851 1672 distribuat.
884 1643 952 1672 Huc
971 1642 1046 1672 enim

61 1685 204 1713 malorum
217 1688 330 1713 ventum
341 1689 391 1719 est,
406 1688 438 1713 ut
448 1685 536 1714 verba
548 1693 613 1715 mea
624 1685 723 1715 eodem
735 1688 864 1722 tempore
875 1687 904 1714 et
910 1684 1041 1714 Alexan-

62 1726 117 1755 dro
130 1734 265 1755 excusem
280 1730 308 1755 et
319 1727 489 1763 Antiphani.
