1215 1905
274 96 345 126 LlB.
363 97 442 126 Vlll.
466 96 547 126 CAP.
559 96 598 132 V,
612 99 714 126 7—24.
737 106 804 133 [vm.
824 107 906 127 ¹7—2o.
924 105 961 132 z.]
1052 96 1114 126 189

120 174 264 203 credatur
275 174 362 208 deus,
379 181 551 210 semperque
562 173 641 202 hanc
649 174 780 208 qratiam
792 175 907 209 maqm's
918 174 990 202 viris
1002 175 1114 209 posteri

84 218 113 245 16
120 215 259 244 reddunt.
282 215 346 251 Eoo
357 220 454 244 autem
465 222 562 244 seram
573 215 817 244 immortalitatem
824 222 934 251 precor
945 216 1012 250 reyi
1017 237 1023 249 ‚
1041 219 1074 244 ut
1085 219 1114 244 et

122 258 180 285 vita
193 256 336 285 diuturna
347 258 382 285 sit
393 260 421 286 et
432 261 553 286 aeterna
569 257 715 285 maiestas.
758 256 911 286 Hominem
926 258 1112 293 consequitur

84 302 111 328 l'l
122 298 297 334 aliquando,
316 306 467 334 nunquam
478 299 633 327 comitatur
644 298 790 327 divinitas.
820 298 977 327 Herculem
988 299 1073 327 modo
1084 304 1111 328 et

121 340 240 368 Patrem
251 339 388 369 Liberum
399 343 589 369 consecratae
601 341 826 369 immortalitatis
840 341 977 376 eccempla
989 340 1109 375 refere-

121 381 182 409 bas.
206 381 353 416 Credisne,
366 383 430 410 illos
441 383 528 410 unius
538 382 663 410 convivii
673 382 790 411 decreto
802 382 870 410 deos
877 380 999 416 factos?
1021 382 1111 411 Prius

121 423 158 452 ab
168 424 260 451 oculis
270 424 437 452 mortalium
447 424 566 452 amolita
578 427 688 451 natura
700 428 749 458 est,
762 431 849 459 quam
861 425 891 452 in
902 425 1012 452 coelum
1020 423 1110 459 sama

81 468 112 494 18
115 464 297 501 perveheret.
325 464 443 493 Scilicet
459 472 513 500 eqo
530 468 559 493 et
572 468 616 499 tu,
641 465 721 499 Cleo,
744 466 813 494 deos
827 465 978 500 facimus:
999 473 1020 494 a
1030 465 1111 494 nobis

121 506 281 535 divinitatis
295 514 368 535 suae
385 508 587 535 auctoritatem
608 510 783 542 accepturus
799 511 842 535 est
858 515 923 535 rea:⁴
946 505 1110 535 Potentiam

120 552 199 576 tuam
211 549 346 584 experiri
356 548 439 576 libet:
458 548 514 583 fac
535 549 661 584 aliquem
678 556 791 583 reyem,
815 549 842 576 si
857 548 943 576 deum
961 552 1042 584 potes
1050 548 1109 583 sa·-

82 592 193 619 l9cere.
214 590 346 618 Facilius
357 594 411 623 est,
425 591 534 618 coelum
547 590 634 624 dare,
647 597 734 625 quam
746 589 920 625 imperium?
930 590 980 619 Die·
987 591 1112 626 propitii

120 632 183 660 sine
193 631 320 665 invidia,
340 640 416 667 quae
430 631 495 660 Cleo
507 632 584 659 dixit
591 654 597 665 ,
610 631 760 660 audierint
770 632 926 667 eodemque
937 639 1040 666 cursu,
1053 639 1109 667 quo

118 674 236 708 fluxere
247 673 347 702 adhuc
357 681 419 707 res,
443 674 487 701 ire
496 674 660 709 patiantur.
693 673 806 702 Nostris
817 673 944 702 moribus
959 675 1047 701 velint
1057 681 1110 702 nos

120 722 181 743 esse
201 718 355 744 contentos.
388 714 452 743 Non
466 715 561 750 pudet
574 715 702 750 patriae,
725 723 780 744 nec
797 715 946 749 desidero,
969 715 1011 743 ad
1024 723 1109 751 quem

121 756 236 784 modum
254 764 311 785 rea:
328 756 402 785 milti
411 756 551 785 colendus
561 757 606 789 sit,
625 755 757 794 [evictis]
773 756 896 785 discere.
930 756 1005 791 Quos
1022 758 1109 793 equi-

121 797 186 826 dem
198 799 319 827 victores
329 806 390 826 esse
401 799 546 832 confiteor,
559 799 586 826 si
598 798 635 826 ab
646 798 703 826 illis
715 799 805 833 leqcs,
819 799 884 834 quis
896 800 1037 833 vivamus,
1051 806 1108 827 ac-

119 840 250 875 cipimus.

78 884 111 909 20
196 879 263 916 (20)
284 880 402 917 Aequis
424 879 547 909 auribus
571 879 784 915 Callisthenes,
807 881 897 909 veluti
920 881 1033 909 vindex
1053 889 1108 917 pu-

120 921 217 950 blicae
239 921 400 957 libertatis,
423 921 612 951 audiebatur.
653 921 857 958 Expresserat
876 931 936 951 non
952 922 1105 952 assensio>

121 971 190 992 nem
205 963 306 998 modo,
324 964 379 992 sed
395 963 484 992 etiam
502 971 617 999 vocem,
634 963 787 993 seniorum
804 964 980 1001 praecipue,
997 964 1108 1001 quibus

78 1004 221 1041 ‘zlgravis
236 1009 300 1034 erat
321 1004 479 1034 inveterati
499 1004 593 1034 moris
616 1010 741 1034 externa
762 1005 896 1035 mutatio.
940 1006 1002 1035 Nec
1025 1006 1108 1043 quic-

122 1055 212 1083 quam
227 1054 348 1080 eorum,
372 1054 450 1083 quae
472 1046 602 1075 invicem
623 1046 733 1076 iactata
748 1052 848 1083 erant,
870 1056 926 1077 rex
940 1047 1109 1084 ignorabat,

121 1096 213 1125 quum
227 1092 297 1124 post
311 1089 427 1123 aulaea,
444 1096 523 1125 quae
539 1088 625 1117 lectis
638 1089 817 1124 obduxerat,
838 1093 939 1119 staret.
963 1089 1056 1126 Igitur
1070 1089 1109 1118 ad

120 1129 198 1167 Agin
215 1134 245 1159 et
261 1129 401 1159 Cleonem
417 1130 511 1165 misit,
534 1134 581 1165 ut,
602 1138 743 1159 sermone
759 1131 859 1166 finito,
882 1131 1029 1160 barbaros
1046 1135 1108 1160 tan-

121 1177 196 1206 tum,
220 1180 313 1208 quum
329 1171 487 1203 intrasset,
510 1172 711 1208 procumbere
734 1181 790 1202 suo
813 1181 896 1202 inore
919 1177 1108 1209 paterentur:

119 1218 149 1243 et
165 1214 255 1249 paulo
273 1218 358 1250 post,
375 1213 463 1250 quasi
479 1213 600 1250 potiora
616 1215 765 1250 quaedam
784 1215 913 1251 egisset,
936 1214 1108 1244 convivium

85 1255 237 1291 22repetit.
261 1255 356 1291 Quem
370 1255 587 1285 venerantibus
603 1255 705 1285 Persis
720 1256 927 1294 Polypercon,
951 1257 1002 1293 qui
1018 1257 1108 1285 cuba-

118 1296 169 1326 bat
190 1305 284 1333 supra
305 1305 425 1333 regem,
450 1305 543 1326 unum
567 1305 605 1326 ex
626 1297 674 1326 his
696 1302 797 1327 mento
815 1298 1040 1335 contingentem
1056 1298 1109 1326 hu-

119 1346 199 1367 mum
216 1347 271 1375 per
286 1339 448 1368 ludibrium
464 1338 567 1375 coepit
580 1339 703 1374 hortari,
719 1344 752 1369 ut
763 1339 973 1369 vehementius
988 1340 1019 1369 id
1036 1348 1109 1376 qua-

119 1384 195 1409 teret
216 1380 254 1409 ad
277 1384 401 1416 terram,
427 1380 592 1417 elicuitque
614 1381 687 1410 iram
713 1382 897 1417 Alexandri,
924 1390 1015 1418 quam
1039 1381 1110 1410 olim

76 1422 217 1451 *hanimo
233 1430 345 1458 capere
360 1430 421 1451 non
438 1426 567 1458 poterat.
604 1423 710 1459 ltaque
726 1432 795 1459 rex,
822 1424 865 1453 Tu
876 1427 986 1457 autem,
1004 1423 1107 1458 inquit,

118 1471 175 1492 non
188 1464 375 1493 veneraberis
385 1463 452 1493 me?
467 1464 512 1493 Αη
525 1465 576 1493 tibi
585 1466 638 1494 uni
648 1465 733 1501 diyni
742 1466 877 1494 videmur
887 1474 948 1494 esse
960 1463 1110 1494 ludibrio?

119 1505 172 1533 llle
200 1512 257 1534 nec
283 1512 385 1541 regem
408 1505 538 1535 ludibrio
567 1514 623 1534 nec
646 1514 680 1535 se
701 1510 878 1543 contemptu
899 1506 1022 1543 dignum
1038 1514 1109 1535 esse

77 1546 286 1582 24respondit.
330 1546 403 1575 Tum
426 1547 594 1576 detractum
615 1555 684 1577 eum
702 1548 781 1578 lecto
803 1556 858 1577 rex
880 1547 1059 1585 praecipitat
1080 1548 1108 1576 in

118 1592 236 1617 terram.
280 1588 317 1617 Et
333 1596 425 1624 quum
447 1588 474 1618 is
497 1597 611 1625 pronus
632 1590 812 1623 corruisset,
843 1590 981 1625 Videsne,
1001 1589 1108 1626 inquit,

117 1630 194 1659 idem
209 1630 367 1665 refecisse,
380 1631 459 1666 quod
469 1632 499 1659 in
512 1632 571 1660 alio
580 1633 672 1667 paulo
683 1635 752 1661 ante
759 1630 901 1661 ridebas?
929 1631 966 1661 Et
980 1631 1058 1661 tradi
1071 1639 1108 1660 eo

119 1670 147 1700 in
164 1671 335 1700 custodiam
351 1671 436 1701 iusso
475 1672 649 1701 convivium
670 1672 770 1702 solvit.
811 1673 1027 1711 Polyperconti
1043 1672 1108 1709 qui—

120 1713 188 1741 dem
203 1717 321 1749 postea,
338 1713 484 1749 castigato
502 1713 562 1747 diu,
579 1714 703 1750 ignovit.
