1215 1905
143 101 214 130 LlB.
230 101 308 129 Vlll.
326 100 407 130 CAP.
422 101 457 136 X,
473 101 644 131 2s—CAP.
660 101 708 135 xl,
727 104 765 130 13.
779 109 988 138 [vui‚³7-⁴o.z.1
1020 99 1081 129 203

93 180 209 207 verunt.
232 177 318 206 Hanc
333 177 371 206 ab
383 177 513 206 Hercule
526 178 636 206 frustra
654 177 814 206 obsessam
833 184 904 206 esse
919 179 1081 211 terraeque

58 223 76 249 3
91 224 174 248 motu
190 224 329 248 coactum
345 218 493 248 absistere
509 218 588 248 sauna
603 219 788 255 vulgaverat.
818 219 943 255 Inopem
959 216 1080 247 consilii

91 261 309 297 Alexandrum,
325 260 395 298 quia
409 259 542 297 undique
556 267 706 297 praeceps
719 265 748 290 et
760 261 891 297 abrupta
901 267 994 296 rupes
1007 263 1080 290 erat.

93 302 198 332 senior
212 302 336 339 quidam
351 301 466 339 peritus
482 303 618 331 locorum
635 310 703 330 eum
725 302 846 331 duobus
869 300 939 330 filiis
955 300 1032 335 adit,
1055 299 1081 329 si

93 343 223 381 pretium
239 351 351 381 operae
373 348 471 379 esset,
493 343 607 373 aditum
623 351 657 372 se
672 347 908 373 monstraturum
923 350 995 372 esse
1012 350 1080 379 pro-

63 390 80 415 4
93 386 222 416 mittens.
265 385 370 415 LXXX
385 385 497 415 talenta
518 385 675 415 constituit
696 386 835 415 daturum
853 384 1028 414 Alexander
1043 388 1082 418 et,

94 428 188 457 altero
205 436 243 457 ex
260 427 419 456 iuvenibus
437 426 544 456 obside
559 431 691 463 retento,
716 427 817 464 ipsum
833 427 872 456 ad
888 425 1081 462 exequenda,

64 474 80 498 5
95 478 173 506 quae
197 470 359 503 obtulerat,
388 468 508 498 dimisit.
548 468 669 498 Leviter
693 469 816 498 armatis
839 469 902 498 dux
924 468 1013 497 datus
1035 471 1082 495 est

94 512 253 546 Mullinus,
275 510 376 540 scriba
391 510 482 546 regis.
526 510 590 539 Hos
614 510 708 544 enim,
733 511 859 540 circuitu
876 510 927 546 qui
945 510 1083 538 fallerent

64 557 80 582 6
94 553 227 587 hostem,
243 552 272 581 in
289 560 438 582 summum
455 551 557 589 iugum
572 552 713 588 placebat
728 552 870 581 evadere.
906 551 994 580 Petra
1010 558 1081 585 non,

94 598 124 623 ut
142 594 324 631 pleraeque,
346 593 475 623 modicis
491 601 526 622 ac
542 593 683 623 mollibus
700 594 786 623 clivis
801 593 830 622 in
853 593 983 622 sublime
998 591 1081 621 sasti-

92 635 172 672 gium
190 635 309 669 crescit,
327 635 424 665 sedin
439 638 535 664 metae
551 635 681 665 maxime
696 636 819 665 modum
835 638 937 665 erecta
952 638 1014 669 est,
1031 641 1081 662 cu-

92 677 139 706 ius
154 677 214 706 ima
229 677 413 714 spatiosiora
429 682 513 712 sunt,
535 677 642 707 altiora
656 676 687 706 in
702 677 797 707 artius
814 678 940 711 coeunt,
964 684 1082 705 summa

63 721 78 749 7
89 717 118 747 in
135 723 255 749 acutum
271 727 416 748 cacumen
434 723 611 756 exsurgunt.
643 718 776 748 Radices
793 719 859 748 eius
875 718 968 747 Indus
984 717 1082 746 amnis

92 760 187 796 subit,
209 761 379 797 praealtuS,
401 760 550 797 utrimque
574 760 693 797 asperis
714 760 805 797 ripis:
833 760 871 789 ab
887 761 982 789 altera
996 764 1082 796 parte

91 802 254 838 voragines
267 802 447 838 eluviesque
459 806 642 838 praeruptae
655 807 733 831 sunt.
746 802 808 832 Nec
816 801 875 831 alia
886 799 1082 839 expugnandi

62 847 79 873 8
92 843 214 880 patebat
230 844 292 876 via,
318 851 408 880 quam
426 848 457 873 ut
472 844 670 880 replerentur.
713 844 762 872 Ad
778 852 900 872 manum
915 843 994 872 silva
1009 846 1079 877 erat,

92 893 182 922 quam
208 893 262 914 rex
288 885 328 914 ita
355 884 441 914 caedi
466 884 570 920 iussit⁷
598 890 630 914 ut
649 885 720 914 nudi
750 885 870 922 stipites
895 885 1081 914 iacerentur:

93 926 208 963 quippe
223 926 298 955 rami
314 927 422 955 fronde
437 926 537 956 vestiti
554 926 753 963 impedissent
769 928 910 956 serentes.
934 927 1006 963 lpse
1022 925 1082 962 pri-

91 977 159 997 mus
181 972 318 998 truncam
340 969 479 997 arborem
495 968 579 1001 iecit,
602 970 777 1005 clamorque
799 968 967 1003 exercitus,
988 967 1080 996 index

92 1009 265 1045 alacritatis,
281 1014 405 1038 secutus
421 1014 476 1045 est,
494 1011 574 1039 nullo
592 1010 778 1040 detrectante
790 1018 910 1045 munus,
929 1009 1013 1046 quod
1027 1016 1083 1038 rex

92 1051 317 1088 occupavisset.

62 1097 79 1124 9
174 1093 241 1128 (40)
255 1094 334 1122 Intra
346 1092 507 1129 septimum
521 1093 599 1122 dlem
608 1101 756 1122 cavernas
766 1095 973 1130 expleverant,
988 1100 1083 1128 quum

91 1143 146 1164 rex
162 1134 336 1171 sagittarios
353 1138 382 1163 et
396 1134 547 1171 Agrianos
564 1135 646 1164 iubet
661 1143 717 1172 per
732 1136 828 1164 ardua
850 1135 917 1164 niti:
940 1134 1082 1163 iuvenes-

52 1182 151 1213 loquc
173 1176 421 1213 promptissimos
444 1184 482 1205 ex
506 1184 562 1205 sua
584 1176 710 1206 cohorte
724 1177 805 1206 XXX
818 1176 939 1213 delegit.
981 1176 1082 1205 Duces

91 1217 139 1247 his
161 1218 222 1247 dati
246 1222 316 1247 sunt
338 1217 452 1247 Charus
475 1222 504 1247 et
523 1218 713 1253 Alexander,
742 1226 832 1255 quem
859 1226 914 1247 rex
940 1217 1082 1252 nominis,

93 1259 176 1296 quod
192 1259 250 1288 sibi
267 1268 335 1288 cum
350 1267 387 1288 eo
404 1267 564 1289 commune
580 1264 678 1295 esset,
702 1260 868 1289 admonuit.
909 1261 956 1289 Ac
971 1259 1080 1296 primo,

92 1300 165 1338 quia
179 1305 239 1330 tam
255 1300 446 1330 manifestum
463 1301 629 1337 periculum
646 1306 719 1336 erat,
737 1301 839 1339 ipsum
854 1309 958 1339 regem
975 1300 1082 1330 discri-

0 1351 8 1373 ε
52 1348 81 1373 11
91 1351 158 1372 men
181 1342 283 1372 subire
305 1350 364 1371 non
388 1342 515 1379 placuit:
542 1344 597 1372 sed
618 1347 650 1372 ut
672 1343 793 1380 signum
811 1343 884 1373 tuba
905 1344 1009 1373 datum
1024 1347 1080 1377 est,

90 1384 136 1414 vir
157 1384 305 1414 audaciae
329 1388 489 1421 promptae
518 1392 687 1414 conversus
709 1386 749 1415 ad
771 1385 911 1422 corporis
934 1385 1081 1414 custodes

92 1426 181 1462 sequi
197 1434 231 1457 se
246 1425 330 1456 iubet
345 1425 523 1463 primusque
539 1426 654 1456 invadit
674 1427 702 1456 in
723 1435 843 1464 rupem.
884 1427 947 1456 Nec
968 1426 1082 1455 deinde

92 1468 255 1504 quisquam
267 1467 466 1497 Macedonum
481 1468 621 1502 substitit,
637 1469 815 1505 relictisque
828 1468 1010 1498 stationibus
1025 1476 1082 1497 sua

50 1514 82 1539 12
91 1514 202 1546 sponte
218 1517 320 1546 regem
337 1509 553 1546 sequebantur.
586 1510 748 1539 Multorum
764 1509 946 1539 miserabilis
963 1509 1018 1539 suit
1033 1517 1079 1538 ca—

92 1559 162 1586 sus,
188 1559 267 1588 quos
288 1559 327 1581 ex
348 1556 513 1588 praerupta
529 1560 604 1588 rupe
621 1552 726 1588 lapsos
742 1552 840 1581 amnis
855 1551 1080 1588 praeterfluens

90 1592 200 1628 hausit,
214 1592 299 1623 triste
310 1594 520 1630 spectaculum
531 1594 620 1623 etiam
635 1602 694 1623 non
712 1593 969 1629 periclitantibus:
987 1601 1081 1630 quum

90 1642 164 1664 vero
180 1634 279 1664 alieno
296 1634 397 1670 exitio,
415 1634 489 1672 quid
504 1635 581 1672 ipsis
598 1635 763 1664 timendum
777 1636 863 1670 foret,
880 1635 1080 1664 admoneren-

16 1701 20 1706 .
93 1680 147 1710 tur,
160 1676 190 1705 in
202 1681 314 1706 metum
327 1676 535 1706 misericordia
549 1685 647 1711 versa,
657 1685 717 1706 non
731 1676 892 1712 extinctos,
901 1677 957 1706 sed
971 1681 1081 1706 semet-

0 1747 4 1761 :
53 1717 177 1754 lsipsos
193 1717 355 1747 deflebant.
378 1719 414 1748 Et
429 1718 487 1747 iam
503 1726 539 1748 eo
556 1723 736 1756 perventum
749 1723 822 1755 erat,
838 1719 920 1748 unde
933 1718 999 1748 sine
1012 1726 1082 1755 per-
