1215 1895
47 69 86 100 12
394 72 427 108 Q.
448 72 603 102 CURTII
623 73 732 103 RUFI

48 145 195 183 scriptum
211 152 303 183 esset,
320 147 455 176 enuntiat
470 147 701 185 epistolamque,
719 148 817 186 sigillo
830 149 911 179 anuli
923 149 970 180 sui
982 149 1036 179 im-

47 196 167 225 presso,
185 188 321 225 pulvino,
339 188 387 217 cui
403 188 605 225 incumbebat,
621 190 759 220 subiecit.

132 229 199 264 (15)
227 230 308 259 Inter
322 230 378 259 has
394 230 594 267 cogitationes
610 231 703 262 biduo
719 232 890 270 absumpto,
907 233 1003 263 illuxit
1018 242 1036 263 a
1062 237 1080 264 8

48 271 167 301 medico
184 271 353 301 destinatus
369 271 446 308 dies,
461 276 491 301 et
505 272 554 301 ille
570 281 639 302 cum
655 274 776 310 poculo,
789 273 818 302 in
834 283 894 311 quo
907 275 1036 304 medica-

49 316 181 341 mentum
197 313 333 349 diluerat,
350 314 479 343 intravit.
500 314 564 350 Quo
581 314 647 344 viso
660 316 842 352 Alexander,
858 318 956 345 levato
969 325 1034 346 cor-
1062 320 1079 346 9

49 362 124 391 pore
146 355 175 383 in
198 355 303 390 cubili,
331 356 490 392 epistolam
513 363 530 384 a
550 355 745 386 Parmenione
771 357 893 386 missam
916 358 1038 387 sinistra

50 404 139 424 manu
166 400 272 425 tenens
299 396 411 433 accipit
437 397 579 433 poculum
605 402 634 426 et
654 398 752 427 haurit
777 399 944 429 interritus:
975 403 1036 429 turn

52 438 210 473 epistolam
222 438 393 474 Philippum
409 439 510 475 legere
523 438 618 468 iubet:
642 447 698 469 nec
710 448 727 468 a
739 441 822 469 vultu
834 441 961 477 legentis
974 450 1036 471 mo-

52 479 92 508 vit
113 480 234 516 oculos,
257 483 356 515 ratus,
380 480 499 516 aliquas
520 481 724 510 conscientiae
746 486 832 511 notas
854 482 882 511 in
900 483 968 519 ipso
985 491 1037 512 ore

52 529 146 557 posse
163 521 402 558 deprehendere.
436 522 496 557 Ille,
514 522 643 558 epistola
659 523 800 559 perlecta,
817 524 885 560 plus
902 525 1036 561 indigna·
1048 529 1080 553 10

51 563 139 591 tionis
163 571 251 599 quam
267 563 391 599 pavoris
411 563 558 592 ostendit:
581 564 786 601 proiectisque
803 566 931 595 amiculo
948 569 977 595 et
992 567 1036 595 lit-

51 605 122 633 teris
138 609 206 634 ante
222 605 341 640 lectum,
357 605 434 641 Rex,
450 605 554 641 inquit,
564 614 679 642 semper
693 607 809 642 quidem
823 609 944 643 spiritus
957 616 1037 637 meus

49 655 88 675 ex
105 650 132 675 te
145 647 300 683 pependit,
316 648 370 675 sed
383 655 461 676 nunc
476 655 556 681 vere,
574 648 717 682 arbitror,
739 656 825 677 sacro
839 652 867 677 et
880 650 1039 678 venerabili

49 696 99 717 ore
113 689 250 717 trahitur.
275 688 389 718 Crimen
404 689 571 725 parricidii,
594 690 672 725 quod
684 690 757 718 milii
769 690 906 720 obiectum
921 694 970 726 est,
985 694 1035 720 tua
1048 695 1074 720 11

49 731 130 758 salus
145 730 244 759 diluet.
267 730 407 759 Servatus
422 739 441 758 a
457 738 501 759 me
513 732 600 759 vitam
611 731 684 759 milti
693 732 826 760 dederis:
847 740 899 761 oro
910 741 1036 768 quaeso—

50 780 118 807 que,
139 773 242 800 omisso
255 775 447 808 metu‚patere
461 772 702 801 medicamentum
717 775 834 809 concipi
846 775 940 803 venis:
962 776 1036 803 laxa

47 815 201 849 patalisper
213 814 350 848 animum,
360 822 443 850 quem
456 815 654 849 intempestiva
665 815 857 844 sollicitudine
867 817 955 844 amici
965 824 1037 844 sane

46 855 155 890 fideles,
171 855 225 883 sed
237 856 352 884 moleste
366 856 462 884 seduli
474 855 600 884 turbant.
622 855 687 884 Non
703 863 843 884 securum
856 857 947 886 modo
960 857 1076 886 haecm

52 904 126 931 vox,
150 896 205 925 sed
221 897 310 925 etiam
325 897 434 925 laetum
450 904 552 932 regem
569 904 604 925 ac
621 898 742 933 plenum
757 898 857 927 bonae
873 898 940 934 spei
956 898 1034 927 fecit.

49 937 162 974 Itaque,
185 937 219 966 Si
232 939 287 973 dii,
309 938 413 974 inquit,
436 939 578 975 Plzilippe,
600 939 651 968 tibi
658 941 868 976 permisissent,
883 948 939 976 quo
953 941 1037 969 modo

49 981 177 1008 maxime
192 981 278 1008 velles
291 981 420 1009 animum
435 982 571 1016 experiri
582 988 685 1015 meum,
708 982 766 1010 alio
774 981 913 1017 profecto
927 983 1036 1010 voluis-

48 1030 102 1055 ses,
118 1022 171 1050 sed
184 1023 314 1056 certiore,
332 1030 418 1058 quam
434 1027 573 1058 expertus
584 1031 622 1057 es,
638 1031 674 1051 ne
685 1026 813 1059 optasses
828 1024 953 1059 quidem.
968 1024 1035 1052 Hac
1045 1026 1077 1052 13

48 1064 169 1099 epistota
185 1066 320 1099 accepta,
337 1067 447 1097 tamen,
464 1064 543 1099 quod
557 1064 695 1099 dilueras,
711 1065 783 1093 bibi:
805 1069 832 1093 et
847 1073 924 1093 nunc
938 1065 1034 1100 crede,

48 1113 93 1133 me
109 1112 165 1133 non
181 1106 276 1133 minus
286 1113 344 1141 pro
361 1109 411 1133 tua
424 1106 484 1140 side
520 1113 607 1140 quam
618 1113 677 1141 pro
691 1114 755 1134 mea
770 1108 863 1135 salute
877 1115 938 1135 esse
951 1107 1035 1134 solli-

49 1147 146 1175 citam.
169 1146 250 1174 Haec
267 1146 385 1175 locutus
402 1146 537 1174 dextram
552 1146 691 1183 Philippo
709 1147 804 1176 offert.

128 1186 194 1222 (16)
217 1187 352 1216 Ceterum
370 1191 450 1216 tanta
466 1188 510 1216 vis
527 1188 735 1217 medicamenti
752 1189 820 1223 suit,
837 1192 876 1223 ut,
895 1196 973 1224 quae
988 1194 1076 1219 se-14

49 1231 117 1257 cuta
139 1232 222 1263 sunt,
250 1229 485 1258 criminationem
507 1229 711 1258 Parmenionis
734 1230 910 1258 adiuverint.
944 1230 1034 1258 Inter-

49 1271 152 1299 clusus
183 1270 307 1306 spiritus
338 1274 400 1299 arte
426 1271 553 1299 meabat.
594 1271 655 1299 Nec
684 1271 840 1307 Philippus
872 1271 1033 1307 quiequam

48 1312 237 1348 inexpertum
255 1313 362 1341 omisit.
400 1312 451 1340 llle
468 1313 599 1341 fomenta
616 1313 734 1348 corpori
750 1313 891 1348 admovit,
909 1313 957 1340 ille
973 1316 1032 1341 tor-

48 1357 170 1389 pentem
192 1362 270 1382 nunc
293 1353 365 1389 cibi,
394 1362 472 1382 nunc
494 1353 554 1382 vini
578 1354 673 1382 odore
694 1354 845 1382 excitavit.
881 1355 982 1390 Atque
1004 1355 1074 1383 utl5

49 1395 175 1431 primum
192 1396 299 1424 mentis
316 1399 486 1431 compotem
503 1403 572 1424 esse
589 1395 693 1431 sensit,
710 1396 800 1424 modo
816 1395 917 1424 matris
931 1403 1032 1424 soror-

48 1444 174 1472 umque,
196 1437 287 1466 modo
306 1440 404 1465 tantae
422 1437 563 1466 victoriae
580 1437 852 1473 appropinquantis
869 1437 1032 1465 admonere

48 1486 107 1506 non
131 1478 252 1507 destitit.
282 1479 320 1508 Ut
340 1486 412 1507 vero
435 1479 685 1507 medicamentum
701 1487 734 1507 se
751 1478 868 1507 diffudit
883 1478 911 1506 in
929 1486 1031 1513 venas,
1044 1482 1075 1508 16

48 1523 77 1548 et
93 1519 204 1548 sensim
229 1523 289 1549 toto
306 1528 435 1556 corpore
458 1520 619 1549 salubritas
642 1520 755 1556 percipi
774 1521 881 1556 potuit,
906 1519 1033 1556 primum

48 1560 165 1589 animus
178 1561 311 1597 vigorem
325 1570 421 1597 suum,
439 1561 549 1590 deinde
564 1570 674 1598 corpus
691 1570 810 1598 quoque
823 1561 1034 1597 expectatione

47 1602 191 1631 maturius
208 1603 412 1639 recuperavit:
437 1602 552 1640 quippe
569 1607 638 1639 post
654 1603 770 1632 tertium
786 1603 873 1638 diem,
898 1610 988 1639 quam
1002 1602 1031 1630 in

47 1643 106 1673 hoc
123 1647 202 1673 statu
215 1645 319 1679 fuerat,
337 1645 365 1672 in
380 1648 578 1681 conspectum
591 1645 714 1674 militum
727 1645 816 1675 venit.
840 1644 901 1673 Nec
914 1643 1033 1673 avidius
1044 1648 1074 1675 17

47 1683 147 1722 ipsum
163 1694 265 1721 regem
305 1694 394 1722 quam
410 1685 581 1722 Philippum
601 1686 770 1715 intuebatur
785 1686 953 1714 exercitus=
977 1693 1032 1722 pro
