1215 1895
122 96 645 133 LlB.v.0AP.x,9—0A1›.xu‚
665 102 687 126 ι.
708 107 746 134 ιν,
764 108 848 129 ἰε-η
869 107 910 133 z.1
975 96 1033 128 101

0 182 2 201 ¹.
43 178 131 204 tunae
142 178 210 203 tuae
221 175 337 204 comites
347 176 376 203 et
392 174 422 202 in
433 173 488 202 hoc
505 176 552 202 tuo
563 176 641 202 statu
657 174 758 209 iidem,
783 175 846 210 qui,
864 174 987 209 florente
998 177 1034 209 te,

41 215 168 252 fuimus,
185 223 375 252 quascunque
394 218 491 244 terras
507 215 637 250 eleaem'S,
650 223 711 251 pro
720 217 822 252 patria
834 218 861 244 et
872 215 1035 244 domesticis

0 271 4 276 ⁸
43 256 129 287 rebus
147 258 277 293 petituri.
313 256 469 286 Secundae
486 256 688 293 adversaeque
706 265 754 286 res
772 262 839 286 tuae
859 258 1035 294 copulavere

0 313 4 317 ·
41 305 94 328 nos
104 301 207 328 tecum.
229 298 289 328 Per
298 298 378 327 hanc
386 297 475 333 fidem
487 298 624 327 invictam
636 305 687 327 oro
702 302 730 327 et
740 299 870 333 obtestor,
886 300 916 327 in
928 299 1035 328 nostris

0 361 4 367 .
42 341 148 370 castris
157 339 210 369 tibi
220 339 442 369 tabernaculum
453 342 556 375 statue,
569 347 621 368 nos
632 341 764 376 corporis
776 341 820 369 tui
829 340 962 369 custodes
973 348 1035 369 esse

39 382 180 419 patiaris.
203 380 356 410 Omisimus
368 381 534 415 Graeciam,
546 382 630 410 nulla
641 381 758 411 Bactra
769 385 837 411 sunt
851 382 932 411 nobis
940 392 950 410 .·
968 390 1034 418 spes

43 424 135 452 omnis
145 423 176 452 in
187 425 221 458 le,
234 424 345 452 utinam
356 423 444 452 etiam
455 424 560 452 ceteris
571 426 653 452 esset.
676 423 770 452 Plura
782 424 843 453 dici
853 431 910 452 non
923 425 1033 452 attinet.

0 480 5 484 -
45 464 211 494 Custodiam
228 465 360 501 corporis
377 465 421 493 tui
435 468 576 493 externus
593 468 621 493 et
638 466 805 501 alieniqena
820 473 877 494 non
890 465 1034 501 deposce-

46 513 117 541 rem,
129 507 157 535 εἰ
165 506 325 541 crederem,
338 507 429 535 alium
437 514 523 543 posse
530 509 698 542 praestare.

0 567 5 579 1,
125 546 192 582 (31)
213 547 345 582 Bessus,
369 555 553 584 quamquam
575 551 639 577 erat
660 546 767 577 Graeci
783 546 933 577 sermonis
950 547 1031 584 igna-

0 599 7 620 t
45 596 112 623 rus,
130 592 245 624 tamen,
262 589 433 618 stimulante
449 588 650 624 conscientia,
668 588 811 618 indicium
825 589 963 626 profecto
979 589 1034 618 Pa-

45 632 161 660 tronem
176 630 323 660 detulisse
339 630 496 660 credebat:
519 634 563 666 et,
578 630 751 667 interpretis
769 634 843 666 [ore]
859 630 953 660 relato
970 638 1033 660 ser-

3 686 8 700 ·.
44 679 135 701 mone
150 671 267 707 Graeci,
286 676 427 709 exempta
443 671 588 701 dubitatio
605 676 660 701 est.
684 673 800 702 Dareus
812 676 921 708 autem,
939 680 1033 709 quan-

0 731 7 744 ,-
44 718 104 743 tum
118 721 156 742 ex
169 714 253 742 vultu
266 712 386 750 concipi
400 717 526 750 poterat,
544 713 624 742 haud
637 722 712 743 sane
727 713 846 743 territus
860 713 1034 751 percontari

2 773 7 777 -
42 754 169 785 Patrona
185 762 310 784 causam
327 754 461 790 consilii,
486 755 570 791 quod
585 755 720 790 afferret,
746 755 858 792 coepit.
896 756 950 785 Ille
972 764 1032 785 non

45 797 119 826 ultra
134 795 335 825 differendum
351 800 451 830 ratus,
468 796 590 831 Bessus,
608 796 719 833 inquit,
735 800 764 825 et
776 797 971 827 Nabarzanes
983 799 1033 827 in—

41 838 188 867 sidiantur
199 838 265 867 tibi:
286 839 316 866 in
335 839 434 867 ultimo
452 838 622 867 discrimine
639 842 667 867 et
680 838 824 873 fortunae
842 842 911 868 tuae
925 842 953 868 et
965 841 1032 868 vila.

0 892 7 912 ,u
42 879 99 909 Hic
115 879 176 909 dies
193 883 246 909 aut
258 880 423 916 parricidis
435 882 488 908 aut
500 880 552 909 tibi
563 880 687 915 βαίην-ηε
701 881 827 909 ultimus.
870 880 907 910 Et
921 880 1032 910 Patron

0 933 10 954 ι
43 920 166 958 quidem
191 920 343 958 egregiam
365 920 539 951 conservati
560 921 642 958 regis
658 921 785 958 gloriam
809 922 926 952 tulerat.
963 922 1032 951 Elu-

0 975 10 996 5
43 962 128 996 dant,
151 962 269 992 rideant
290 962 373 998 lieet,
397 962 508 999 quibus
530 963 608 992 forte
630 967 742 993 temere
764 963 895 993 humana
911 963 1033 1000 negotia

44 1003 124 1033 volvi
145 1003 256 1041 agique
282 1012 465 1041 persuasum
481 1008 542 1034 est:
565 1004 719 1043 [equidem
741 1009 865 1035 aeterna
886 1005 1032 1035 constitu-

43 1044 124 1074 tione
146 1045 338 1084 crediderim]
362 1054 506 1083 nexuque
528 1054 689 1076 causarum
711 1046 866 1076 latentium
889 1050 918 1076 et
938 1047 1031 1076 multo

43 1091 112 1116 ante
139 1086 358 1116 destinatarum
385 1095 472 1117 suum
507 1095 660 1125 quemque
685 1088 823 1117 ordinem
855 1088 1032 1118 immutabili

42 1128 108 1165 lege
125 1136 312 1164 percurrere.
346 1129 461 1159 Dareus
478 1133 559 1159 certe
574 1129 747 1166 respondit,
773 1138 958 1167 quamquam
974 1129 1032 1160 sibi

43 1169 227 1199 Graecorum
244 1169 369 1200 militum
385 1170 463 1200 fides
479 1175 551 1200 nota
567 1171 619 1207 sit,
642 1179 798 1208 nunquam
822 1176 920 1201 tamen
942 1180 961 1201 a
978 1180 1030 1208 po-

2 1221 5 1226 ·
43 1210 201 1248 pularibus
219 1211 284 1241 suis
300 1219 503 1242 recessurum.
526 1212 686 1243 Difficilius
703 1212 760 1242 sibi
777 1221 857 1249 esse,
875 1214 1030 1250 damnare,

45 1261 135 1290 quam
151 1252 261 1290 decipi.
305 1253 456 1291 Quicquid
471 1254 534 1284 fors
557 1254 689 1290 tulisset,
716 1254 794 1284 inter
816 1263 890 1285 suos
913 1256 1031 1293 perpeti

42 1294 145 1329 malle,
169 1303 260 1331 quam
276 1296 462 1332 transfugam
478 1295 552 1325 fieri.
586 1296 662 1326 Sero
679 1305 713 1326 se
729 1296 846 1333 perire,
869 1297 895 1327 si
912 1298 1030 1327 salvum

0 1347 5 1367 π
41 1343 111 1365 esse
127 1335 236 1366 milites
252 1336 299 1366 sui
321 1338 443 1367 nollent.
486 1337 613 1374 Patron,
635 1339 799 1375 desperata
820 1339 900 1376 regis
923 1339 1031 1374 salute,

42 1377 80 1406 ad
96 1385 166 1413 eos,
189 1377 300 1414 quibus
317 1383 470 1415 praeerat,
493 1379 596 1414 rediit,
621 1379 721 1410 omnia
742 1388 797 1417 pro
813 1380 875 1411 fide
897 1380 1031 1417 experiri

42 1423 176 1455 paratus.

427 1488 447 1517 C
457 1490 482 1517 A
490 1489 521 1518 P.
543 1490 606 1518 XII.

117 1545 183 1583 (32)
206 1548 245 1576 At
257 1548 374 1578 Bessus
391 1547 552 1578 occidendi
568 1548 707 1586 protinus
723 1549 803 1585 regis
820 1549 965 1585 impetum
981 1556 1030 1578 ce-

0 1609 3 1630 ,
41 1592 135 1625 perat.
159 1588 221 1619 Sed
238 1589 359 1625 veritus,
378 1598 416 1619 ne
431 1590 558 1627 gratiam
573 1590 750 1625 Alexandri,
767 1590 825 1620 nisi
839 1590 943 1619 vivum
960 1598 1029 1619 eum

0 1651 1 1660 1
40 1629 231 1665 tradidisset,
252 1630 328 1660 inire
345 1640 405 1661 non
421 1637 544 1668 posset,
567 1632 659 1662 dilato
680 1632 708 1661 in
724 1632 893 1670 proximam
908 1636 1030 1662 noctem

0 1692 17 1713 ψ,
42 1671 168 1701 sceleris
184 1672 323 1707 consilio,
341 1681 432 1710 agere
447 1673 560 1711 gratias
576 1673 690 1711 incipit,
708 1674 791 1712 quod
807 1673 916 1711 perfidi
932 1673 1029 1703 homi-

40 1711 87 1741 nis
109 1712 251 1750 insidias,
278 1714 336 1743 iam
356 1716 523 1744 Alexandri
553 1724 629 1751 opes
654 1715 836 1754 spectantis,
863 1716 1026 1753 prudenter
