1215 1905
142 116 203 146 238
491 114 523 149 Q.
547 113 701 143 CURTII
723 115 830 143 RUFI

142 189 270 227 repertis
296 188 441 225 pervicax
466 188 578 225 cupido
608 188 725 217 visendi
752 189 904 218 Oceanum
931 191 1124 228 adeundique

141 231 285 261 terminos
307 229 411 259 mundi
433 230 600 266 [compulit]
627 230 692 259 sine
717 230 851 266 regionis
878 231 982 267 peritis
1008 232 1124 261 flumini

140 274 243 309 ignoto
260 276 351 307 caput
366 280 454 300 Suum
470 276 575 307 totque
591 271 822 300 fortissimorum
843 273 975 301 virorum
998 274 1124 302 salutem

141 313 321 350 permittere.
364 312 551 348 Navigabant
566 321 638 348 ergo
654 313 802 348 omnium,
824 322 879 350 per
894 321 972 350 quae
988 314 1124 343 fereban-
1136 321 1153 345 2

138 361 196 391 tur,
211 354 316 390 ignari.
360 353 507 389 Quantum
523 354 592 382 inde
607 354 730 383 abesset
745 363 842 390 mare,
859 363 937 391 quae
952 360 1058 391 gentes
1074 364 1123 385 cor

142 399 253 431 terent,
269 403 359 432 quam
376 395 529 431 placidum
545 395 640 424 amnis
658 404 709 430 os,
727 404 816 432 quam
831 396 950 432 patiens
966 397 1124 433 longarum

141 437 262 467 navium
289 440 386 471 esset,
412 444 527 472 anceps
554 441 584 465 et
609 444 700 465 caeca
721 437 889 466 aestimatio
912 438 1124 474 augurabatur.

140 480 239 508 Unum
260 483 324 507 erat
345 477 519 507 temeritatis
545 478 684 507 solatium
710 483 858 514 perpetua
884 479 1021 508 felicitas.
1063 480 1152 509 lame.

140 520 232 549 CCCC
247 518 345 549 stadia
360 524 590 555 processerant,
613 528 705 555 quum
720 520 939 555 gubernatores
955 528 1124 556 agnoscere

139 563 224 598 ipsos
240 568 343 590 auram
358 560 449 589 maris
465 565 493 589 et
509 561 588 589 haud
604 562 710 596 procul
724 561 821 590 videri
836 561 894 590 sibi
905 560 1057 591 Oceanum
1069 563 1120 590 ab·

141 611 211 632 esse
224 603 358 631 indicant
372 601 445 637 regi.
483 602 593 631 Laetus
609 602 658 630 ille
673 602 786 631 hortari
802 603 940 632 nauticos
957 604 1065 639 coepit,
1080 603 1124 632 in-
1136 608 1153 632 4

139 645 314 674 cumberent
329 643 434 671 remis:
461 644 572 672 adesse
588 644 677 672 finem
693 644 805 673 laboris
822 644 960 674 omnibus
975 645 1056 674 votis
1071 653 1123 673 ex-

140 686 280 722 petitum:
307 685 365 712 iam
391 684 462 712 nihil
486 684 599 720 gloriae
621 685 746 720 deesse,
774 686 845 714 nihil
867 686 988 715 obstare
1006 686 1122 715 virtuti:

140 728 205 756 sine
221 727 281 756 ullo
297 726 400 754 Martis
418 725 607 761 discrimine,
638 727 704 755 sine
727 727 873 763 sanguine
898 728 1002 756 orbem
1025 732 1123 757 terrae

139 770 176 798 ab
202 768 260 797 illis
287 767 369 803 capi:
396 775 434 795 ne
456 772 593 796 naturam
616 768 738 804 quidem
760 768 879 805 longius
901 777 996 805 posse
1017 777 1124 805 proce-

139 811 227 839 dere:
255 809 339 838 brevi
359 809 527 844 incognita,
554 809 611 837 nisi
633 809 867 845 immortalibus,
894 818 964 839 esse
990 811 1121 839 visuros.

139 852 255 880 Paucos
273 855 370 880 tamen
386 850 506 886 navigio
522 850 621 879 emisit
635 851 665 879 in
681 851 792 887 ripam,
809 851 860 887 qui
875 856 1011 887 agrestes
1029 859 1122 887 vagos
1135 857 1151 880 5

138 893 329 929 exciperent,
352 900 368 920 e
391 891 501 928 quibus
519 891 647 920 certiora
662 892 747 921 nosci
769 902 862 928 posse
885 893 1035 928 sperabat.
1078 893 1122 921 Illi

139 934 263 963 scrutati
289 932 389 962 omnia
416 933 533 969 tuguria
558 934 679 962 tandem
700 935 826 963 latentes
851 942 1024 970 repperere.
1068 933 1151 969 Qui6

139 975 320 1010 interrogati,
339 983 428 1010 quam
446 975 551 1010 procul
566 975 690 1003 abesset
705 983 795 1009 mare,
811 975 1043 1011 responderunt,
1059 977 1122 1004 nul-

139 1018 198 1046 lum
215 1016 300 1052 ipsos
317 1024 398 1044 mare
414 1024 451 1044 ne
469 1017 547 1044 fama
567 1016 688 1052 quidem
709 1016 883 1052 accep1sse:
911 1020 1043 1045 ceterum
1065 1020 1121 1045 ter-

139 1058 179 1086 tio
197 1057 245 1086 die
263 1057 411 1093 perveniri
429 1065 522 1093 posse
538 1058 577 1086 ad
593 1066 702 1093 aquam
719 1066 866 1092 amaram,
895 1065 973 1093 quae
989 1066 1123 1086 corrum-

139 1104 224 1135 peret
239 1100 367 1127 dulcem,
410 1099 593 1128 Intellectum
616 1103 678 1133 est,
700 1107 781 1127 mare
797 1099 941 1128 destinari
956 1100 994 1127 ab
1010 1098 1122 1135 ignaris

140 1145 263 1170 naturae
279 1140 354 1169 eius.
396 1141 501 1176 ltaque
517 1140 629 1176 ingenti
651 1140 804 1170 alacritate
831 1140 941 1169 nautici
967 1140 1150 1176 remigant,7

138 1187 167 1211 et
190 1182 327 1218 proximo
350 1189 474 1218 quoque
496 1181 559 1216 die⁷
587 1190 646 1218 quo
663 1182 789 1218 propius
806 1190 878 1218 spes
895 1182 1123 1217 admovebatur,

139 1224 297 1252 crescebat
322 1224 413 1252 ardor
439 1223 615 1252 animorum.
658 1224 755 1252 Tertio
777 1223 835 1251 iam
857 1223 905 1252 die
927 1223 1051 1252 mixtum
1066 1222 1121 1252 ssu-

138 1265 210 1293 mini
227 1264 347 1294 subibat
359 1273 449 1298 mare,
466 1264 525 1293 leni
541 1265 641 1293 adhuc
657 1269 742 1294 aestu
759 1265 965 1293 confundente
981 1264 1122 1300 dispares

137 1307 245 1335 undas.
267 1306 340 1335 Tum
356 1306 443 1334 aliam
460 1305 589 1334 insulam
605 1305 703 1335 medio
719 1305 799 1334 amni
814 1305 901 1335 sitam
917 1306 1015 1335 evecti
1030 1307 1122 1342 paulo
1133 1311 1150 1335 ὃ

138 1347 256 1383 lentius,
274 1348 344 1384 quia
360 1355 468 1375 cursus
484 1351 571 1376 aestu
587 1347 850 1383 reverberabatur,
872 1347 1028 1383 applicant
1043 1348 1120 1376 clas-

138 1397 201 1418 sem
218 1394 247 1418 et
262 1390 299 1417 ad
316 1393 501 1417 commeatus
518 1389 666 1424 petendos
690 1388 876 1424 discurrunt,
902 1388 1002 1417 securi
1028 1397 1120 1417 casus

137 1430 219 1465 eius,
236 1430 286 1466 qui
303 1430 479 1466 supervenit
493 1429 615 1466 ignaris.

218 1471 284 1507 (35)
304 1471 403 1500 Tertia
419 1472 511 1500 ferme
526 1471 601 1500 hora
617 1475 694 1505 erat,
721 1480 813 1507 quum
841 1475 918 1500 stata
941 1471 1008 1500 vice
1029 1470 1149 1500 Ocea-9

137 1522 193 1542 nus
209 1517 394 1542 exaestuans
409 1512 511 1541 invehi
526 1512 627 1549 eoepit
642 1517 671 1541 et
682 1518 761 1541 retro
774 1512 885 1541 flumen
901 1520 1017 1549 urgere.
1033 1512 1122 1548 Quod

135 1554 233 1590 primo
250 1554 430 1589 coercitum,
453 1553 562 1582 deinde
578 1554 786 1583 vehementius
802 1555 923 1590 pulsum
939 1553 1052 1583 maiore
1068 1553 1121 1581 im·

136 1600 209 1631 petu
224 1596 388 1625 adversum
403 1596 562 1632 agebatur,
586 1604 675 1631 quam
691 1595 833 1624 torrentia
854 1595 1013 1632 praecipiti
1032 1595 1119 1623 alveo

139 1638 302 1665 incurrunt.
345 1637 450 1673 Ignota
466 1637 555 1673 vulgo
573 1636 638 1666 freti
654 1641 758 1666 natura
774 1641 853 1671 erat,
881 1640 1077 1671 monstraque
1094 1639 1122 1664 et
1133 1641 1162 1665 lo

136 1678 199 1706 irae
214 1678 304 1707 deum
320 1678 431 1707 indicia
447 1686 572 1707 eernere
586 1678 774 1707 videbantur.
812 1677 979 1707 Identidem
994 1676 1120 1706 intume-

137 1727 224 1748 scere
240 1727 321 1748 mare
338 1724 367 1748 et
388 1719 417 1747 in
440 1728 566 1756 campos
592 1720 682 1755 paulo
709 1723 778 1748 ante
803 1718 903 1748 siccos
930 1718 1119 1747 descendere
