1215 1895
158 59 228 88 LIB.
243 59 294 88 lv.
308 58 390 88 CAP.
403 58 482 95 XIV,
493 57 653 89 26--cAP.
664 58 730 96 XV,
746 62 786 88 19.
810 69 860 96 [iv.
876 69 960 91 55-57.
981 69 1018 95 z.]
1064 58 1107 90 72·

115 135 200 166 color
214 135 357 164 vultusve
373 138 505 164 mutatus
521 137 583 164 est:
605 134 685 164 sedit
700 133 862 164 immobilis
877 134 999 172 (credo,
1016 142 1106 171 prae-

116 177 181 207 coci
198 176 309 213 gaudio
326 175 421 206 verita
436 175 552 206 irritare
569 176 741 212 fortunam),
758 177 836 206 adeo
849 180 891 213 ut,
907 176 980 213 quid
993 176 1104 212 mallet,

74 218 299 250 mintuentibus
312 225 379 247 eam
391 217 478 247 fuerit
490 217 646 247 incertum.
668 218 749 247 Inter
760 218 835 247 haec
847 217 997 254 Menidas,
1016 225 1106 255 prae-

116 261 214 290 fectus
230 258 364 296 equitum
380 258 555 293 Alexandri,
574 267 641 288 cum
658 259 766 296 paucis
782 259 888 289 turmis
905 268 995 297 opem
1010 259 1105 296 impe-

116 301 258 331 dimentis
274 301 388 330 laturus
397 301 571 336 advenerat,
588 300 745 337 incertum,
758 310 856 331 suone
864 302 1002 335 consilio,
1011 309 1048 330 an
1057 310 1104 330 re-

116 343 163 380 gis
179 341 322 379 imperio:
338 342 394 371 sed
410 350 470 371 non
486 342 629 372 sustinuit
641 342 841 373 Cadusiorum
857 342 1105 381 Scytharumque

116 385 275 422 impetum:
305 383 420 420 quippe
436 383 488 412 vix
503 388 616 413 tentato
633 384 797 414 certamine
812 385 923 422 refugit
938 385 976 413 ad
992 393 1105 422 regem,

116 426 299 456 amissorum
325 424 610 462 impedimentorum
632 426 717 456 testis
739 427 846 463 magis,
864 435 954 463 quam
980 426 1105 455 vindex.

76 469 177 499 131a1n
193 467 352 497 consilium
369 467 534 496 Alexandri
550 468 637 497 dolor
654 468 781 503 vicerat,
805 473 849 504 et,
872 477 909 497 ne
932 476 1005 498 cura
1018 476 1105 497 recu-

117 509 244 548 perandi
257 517 314 538 sua
329 508 452 538 militem
467 517 485 538 a
500 509 617 546 proelio
635 513 794 545 averteret,
811 518 871 539 non
887 509 1036 539 immerito
1054 518 1105 538 ve-

116 551 247 581 rebatur.
271 551 375 587 Itaque
390 550 512 586 Areten,
530 551 638 580 ducem
653 551 841 581 hastatorum
856 551 1106 588 (sarissophoros

117 593 290 627 vocabant),
308 593 458 621 adversus
474 591 606 630 Scythas
624 592 719 623 mittit.

78 639 110 665 Η
197 633 263 670 (57)
286 634 366 663 Inter
381 634 456 663 haec
473 642 595 669 currus,
620 634 671 671 qui
694 635 774 664 circa
790 635 887 671 prima
902 634 990 671 signa
1005 635 1105 664 turba-

117 681 223 705 verant
238 675 342 709 aciem,
360 675 389 704 in
407 675 586 713 phalangem
598 675 708 705 invecti
721 681 814 705 erant.
835 676 1020 706 Macedones
1033 684 1107 705 con-

77 723 109 748 15
118 717 243 747 firmatis
260 716 368 746 animis
384 717 413 746 in
429 717 561 746 medium
577 726 684 754 agmen
700 717 862 755 accipiunt.
891 718 980 747 Vallo
998 717 1106 747 similis

116 758 199 789 acies
227 763 305 788 erat:
333 758 494 788 iunxerant
515 759 619 788 hastas
641 763 671 788 et
685 760 723 788 ab
740 764 870 795 utroque
885 761 978 788 latere
995 763 1107 789 temere

115 800 331 830 incurrentium
347 799 396 829 ilia
413 800 628 830 suffodiebant.
653 801 816 830 Circumire
828 801 939 830 deinde
954 809 1061 831 currus
1077 805 1108 830 et

77 846 360 880 16propugnatores
372 842 574 879 praecipitare
586 847 768 879 coeperunt:
786 842 893 879 ingens
908 842 996 871 ruina
1011 850 1106 879 equo-

116 893 181 913 rum
197 884 431 920 aurigarumque
447 884 543 913 aciem
559 885 774 921 compleverat.
810 883 847 913 Hi
863 884 983 914 territos
998 892 1107 921 regere

116 934 177 955 non
200 930 353 962 poterant,
379 925 430 963 qui
453 926 558 954 crebra
573 926 735 955 iactatione
757 925 911 955 cervicum
926 934 986 956 non
1003 926 1106 963 iugum

117 968 209 997 modo
225 971 435 1003 excusserant,
453 967 509 997 sed
525 967 614 997 etiam
630 976 736 997 currus
753 972 939 997 everterant:
956 967 1106 998 vulnerati

117 1009 292 1039 interfectos
309 1010 481 1045 trahebant,
509 1017 565 1038 nec
582 1010 752 1039 consistere
773 1010 866 1039 territi
888 1018 945 1038 nec
962 1010 1107 1047 progredi

77 1054 108 1081 17
117 1051 233 1080 debiles
249 1055 398 1088 poterant.
421 1052 540 1081 Paucae
554 1055 654 1080 tamen
667 1059 794 1081 evasere
811 1052 978 1088 quadrigae
994 1051 1024 1080 in
1039 1050 1107 1080 ulti-

118 1100 196 1121 mam
212 1092 323 1126 aciem,
341 1093 393 1127 iis,
410 1092 520 1129 quibus
536 1092 724 1129 inciderunt,
740 1093 905 1122 miserabili
921 1098 1017 1123 morte
1033 1101 1106 1122 con-

117 1134 262 1170 sumptis:
279 1134 393 1171 quippe
406 1138 560 1171 amputata
572 1135 705 1165 virorum
715 1135 849 1164 membra
860 1134 942 1163 humi
958 1134 1107 1171 iacebant,

118 1179 147 1205 et
163 1175 235 1212 quia
251 1175 357 1205 calidis
373 1176 473 1205 adhuc
489 1176 665 1206 vulneribus
681 1177 786 1206 aberat
802 1177 899 1212 dolor,
916 1177 1013 1206 trunci
1030 1185 1106 1213 quo-

119 1225 179 1254 que
195 1220 224 1246 et
239 1216 355 1247 debiles
372 1217 493 1255 quidam
505 1226 588 1246 arma
603 1222 701 1247 tamen
717 1227 778 1248 non
795 1218 977 1254 omittebant,
996 1218 1104 1254 donec,

117 1259 210 1288 multo
227 1259 372 1295 sanguine
388 1259 497 1295 effuso,
515 1259 677 1289 exanimati
692 1260 937 1297 procumberent.

78 1305 109 1331 18
198 1300 318 1329 Interim
334 1300 452 1337 Aretes,
470 1300 666 1338 Scytharum,
685 1302 736 1338 qui
751 1301 967 1339 impedimenta
983 1301 1106 1338 diripie-

117 1342 199 1377 bant,
215 1343 292 1371 duce
308 1341 422 1378 occiso,
439 1343 562 1380 gravius
580 1342 689 1373 territis
706 1343 847 1373 instabat.
892 1343 1107 1380 Supervenere

118 1383 228 1413 deinde
243 1383 328 1413 missi
343 1392 361 1413 a
377 1385 475 1414 Dareo
496 1384 647 1414 Bactriani
667 1394 852 1422 pugnaeque
870 1390 990 1415 vertere
1013 1386 1106 1414 sortu-

117 1433 195 1454 nam.
237 1425 322 1455 Multi
344 1434 416 1462 ergo
438 1426 638 1456 Macedonum
659 1428 756 1463 primo
779 1427 891 1464 impetu
910 1426 1011 1456 obtriti
1026 1431 1105 1462 sunt,

77 1471 109 1497 19
117 1467 219 1504 plures
236 1467 274 1496 ad
289 1468 498 1497 Alexandrum
514 1469 699 1505 refugerunt.
742 1469 816 1498 Tum
830 1469 957 1504 Persae,
974 1469 1106 1498 clamore

119 1509 247 1544 sublato,
263 1510 382 1545 qualem
397 1510 531 1539 victores
549 1511 649 1540 solent
661 1511 761 1546 edere,
779 1510 921 1539 ferociter
932 1510 962 1540 in
977 1510 1108 1546 hostem,

119 1550 207 1587 quasi
222 1550 336 1588 ubique
351 1551 555 1588 profligatum,
571 1551 770 1582 incurrerunt.
793 1552 969 1582 Alexander
984 1553 1106 1582 territos

116 1592 275 1629 castigare,
291 1593 453 1629 adhortari,
469 1594 627 1630 proelium,
645 1595 728 1630 quod
744 1594 802 1622 iam
818 1595 1001 1630 elanguerat,
1020 1595 1106 1623 solus

117 1634 301 1671 accendere,
328 1635 577 1672 confirmatisque
599 1636 720 1665 tandem
741 1635 849 1665 animis
870 1634 914 1665 ire
935 1635 965 1665 in
986 1636 1108 1666 hostem

118 1674 210 1705 iubet.
