1215 1895
162 123 204 153 34
510 124 542 159 Q.
567 124 722 153 CURTII
744 124 853 153 RUFI

163 198 283 229 Hortari
299 207 371 235 ergo
387 198 480 227 Poeni
497 203 673 235 coeperunt,
696 203 728 228 ut
750 198 940 229 obsidionem
962 201 1030 230 forti
1052 201 1192 232 animoli

163 244 352 277 paterentur:
378 240 464 268 brevi
491 239 670 276 Carthagine
695 240 808 269 auxilia
836 245 971 270 ventura.
1015 243 1151 280 Namque

163 290 199 311 ea
215 285 394 318 tempestate
409 289 519 317 magna
535 289 572 310 ex
587 285 672 318 parte
686 281 807 311 Punicis
825 282 974 312 classibus
990 284 1084 313 maria
1099 285 1150 314 ob-

163 323 350 352 sidebantur.

244 364 290 401 (9)
312 364 405 401 Igitur
419 365 500 393 bello
517 365 649 400 decreto,
667 373 722 401 per
736 373 840 394 muros
856 369 1016 402 turresque
1050 382 1078 400 Α,
1100 381 1137 401 333
1161 371 1193 396 12

163 410 311 436 tormenta
323 405 498 442 disponunt,
511 414 595 435 arma
607 405 776 435 iunioribus
790 406 937 443 dividunt,
951 407 1015 444 opi-
1036 409 1141 450 aexggplg

162 448 252 482 fices,
276 456 405 484 quorum
421 447 511 484 copia
525 448 598 477 urbs
613 448 800 484 abundabat,
822 448 851 477 in
874 448 1014 478 officinas
1037 445 1150 479 0'1.1u‘,4‡

162 489 355 519 distribuunt.
391 489 497 518 Omnia
511 488 582 518 belli
597 493 744 526 apparatu
761 494 914 526 strepunt:
944 491 1060 519 ferreae
1077 499 1150 527 quo-

163 539 222 568 que
238 539 345 560 manus
361 530 568 567 (harpagonas
588 534 725 567 vocant),
752 540 829 568 quas
852 531 997 568 operibus
1019 531 1151 561 hostium

161 572 334 607 inficerent,
368 571 516 609 corvique
542 576 571 601 et
599 572 657 601 alia
681 572 802 602 tuendis
827 573 954 602 urbibus
979 572 1151 609 excogitata

163 614 431 651 praeparabantur.
468 613 530 643 Sed
547 622 639 650 quum
654 613 830 644 fornacibus
847 615 972 651 serrum,
999 614 1082 650 quod
1098 622 1149 643 ex-
1162 620 1193 647 13

162 655 232 684 cudi
246 656 414 692 oportebat,
422 654 598 692 impositum
610 659 702 690 esset,
715 655 908 692 admotisque
920 655 1041 685 follibus
1050 655 1148 692 ignem

162 697 235 725 flatu
251 697 470 731 accenderent,
495 695 653 733 sanguinis
674 696 731 725 rivi
753 697 809 726 sub
825 696 903 733 ipsis
924 696 1054 726 flammis
1076 697 1150 726 exti-

161 738 236 767 tisse
253 737 408 768 dicuntur:
434 737 527 775 idque
549 746 637 767 omen
660 737 690 767 in
711 738 911 768 Macedonum
926 743 1037 768 metum
1052 743 1149 768 verte-

161 784 231 808 runt
245 779 336 817 Tyrii.
378 779 470 816 Apud
490 779 674 809 Macedonas
698 788 821 817 quoque
838 788 930 816 quum
947 781 1022 810 sorte
1038 788 1148 817 panem
1160 785 1192 812 14

163 821 286 857 quidam
301 820 427 850 militum
443 821 629 857 frangerent,
646 822 793 850 manantis
810 821 966 858 sanguinis
982 826 1080 859 guttas
1096 830 1150 852 no-

161 867 315 898 taverunt,
336 862 502 899 territoque
517 871 589 899 rege
601 862 795 898 Aristander,
818 862 1021 899 peritissimus
1039 867 1148 898 vatum,

163 904 188 933 si
204 903 396 933 extrinsecus
413 912 503 934 cruor
518 904 668 941 fluxisset,
688 904 908 934 Macedonibus
925 904 955 933 id
970 905 1055 934 triste
1071 905 1149 934 futu-

160 954 226 974 rum
239 945 294 975 ait:
318 950 437 980 contra,
456 955 548 982 quum
564 946 601 975 ab
618 945 759 976 interiore
775 950 859 982 parte
874 946 1055 982 manaverit,
1071 946 1148 982 urbi,

162 995 252 1023 quam
269 986 411 1016 obsidere
427 987 641 1021 destinassent,
658 987 782 1017 exitium
800 988 993 1024 portendere.
1015 989 1145 1017 Alexan·
1159 990 1187 1016 15

160 1029 223 1064 der,
237 1037 329 1064 quum
345 1033 373 1058 et
387 1029 517 1058 classem
529 1029 635 1066 procul
647 1029 772 1058 haberet
784 1033 813 1058 et
824 1029 945 1066 longam
959 1029 1149 1058 obsidionem

160 1077 269 1106 magno
287 1070 344 1099 sibi
360 1070 399 1099 ad
415 1074 516 1100 cetera
530 1070 745 1107 impedimento
761 1069 879 1099 videret
896 1071 976 1106 fore,
1000 1071 1149 1100 caducea-

159 1116 250 1146 tores,
279 1111 330 1148 qui
351 1112 390 1140 ad
406 1119 513 1148 pacem
529 1120 583 1141 eos
601 1112 826 1149 compellerent,
851 1111 946 1141 misit:
974 1120 1052 1148 quos
1067 1112 1148 1150 Tyrii
1186 1134 1188 1138 ,

159 1157 265 1182 contra
280 1153 327 1182 ius
343 1153 477 1189 gentium
494 1152 615 1182 occisos
630 1153 908 1190 praecipitaverunt
922 1152 952 1182 in
968 1154 1069 1183 altum.
1095 1154 1148 1183 At-

159 1202 219 1230 que
234 1194 284 1223 ille
300 1203 426 1224 suorum
440 1199 499 1224 tam
515 1194 638 1230 indigna
653 1199 748 1224 morte
764 1199 933 1224 commotus
946 1194 1051 1224 urbem
1067 1194 1146 1225 obsi—

161 1236 233 1265 dere
249 1236 361 1265 statuit.

238 1276 304 1313 (10)
329 1277 390 1307 Sed
405 1281 475 1307 ante
495 1276 634 1306 iacienda
655 1278 752 1307 moles
773 1282 851 1313 erat,
882 1285 961 1314 quae
983 1277 1147 1307 continenti
1158 1283 1179 1308 υ

158 1319 262 1348 urbem
279 1318 486 1348 committeret.
522 1319 632 1355 Ingens
656 1327 727 1355 ergo
750 1319 867 1348 animos
890 1318 1015 1348 militum
1037 1320 1147 1356 despe-

157 1359 233 1390 ratio
249 1360 389 1396 incessit,
413 1360 600 1390 cernentium
615 1361 798 1397 prol'undum
814 1368 912 1396 mare,
936 1361 1019 1397 quod
1034 1360 1088 1390 vix
1103 1360 1147 1390 di-

157 1401 228 1430 vina
244 1410 302 1439 ope
318 1406 426 1438 posset
440 1401 573 1438 impleri:
601 1410 679 1438 quae
697 1410 772 1431 saxa
788 1406 847 1431 tam
862 1406 965 1438 vasta,
994 1411 1071 1438 quas
1087 1406 1147 1432 tam

158 1451 302 1480 proceras
318 1444 444 1473 arbores
460 1451 555 1480 posse
569 1443 717 1480 reperiri?
753 1442 977 1473 exhauriendas
1004 1451 1075 1473 esse
1099 1452 1146 1473 re-

157 1485 280 1521 giones,
302 1484 424 1515 utillud
440 1485 571 1522 spatium
587 1489 837 1522 exaggeraretur:
863 1490 1045 1514 exaestuare
1067 1493 1146 1515 sem-

157 1535 211 1562 per
232 1527 355 1562 fretum,
379 1535 503 1564 quoque
518 1526 611 1556 artius
628 1528 778 1556 volutetur
793 1526 869 1555 inter
884 1525 1013 1556 insulam
1029 1531 1058 1555 et
1073 1534 1145 1556 con-

155 1567 308 1603 tinentem,
325 1569 384 1598 hoc
399 1568 499 1598 acrius
516 1569 624 1597 furere.
671 1569 710 1598 At
730 1568 780 1597 ille
801 1567 1039 1604 haudquaquam
1060 1567 1144 1598 rudis
1155 1568 1171 1593 1·

157 1609 362 1646 pertractandi
387 1609 531 1639 militares
557 1609 676 1640 animos
702 1609 837 1646 speciem
865 1607 922 1638 sibi
947 1608 1088 1638 Herculis
1114 1609 1144 1638 in

157 1659 264 1680 somno
281 1651 412 1681 oblatam
429 1660 499 1681 esse
515 1651 697 1688 pronuntiat,
714 1652 850 1681 dextram
866 1649 1064 1687 porrigentis:
1091 1649 1142 1680 illo

156 1692 244 1728 duce,
259 1692 310 1722 illo
327 1692 526 1730 aperiente,in
542 1693 647 1723 urbem
663 1692 773 1723 intrare
789 1700 823 1722 se
838 1692 947 1721 visum.
971 1692 1052 1721 Inter
1066 1692 1142 1721 haec

156 1734 374 1764 caduceatores
396 1734 588 1771 interfectos,
613 1734 746 1771 gentium
769 1734 834 1764 iura
848 1732 960 1763 violata
975 1733 1141 1763 referebat-
