1215 1895
99 83 140 113 62
447 83 479 118 Q.
503 83 658 112 CURTII
679 82 787 112 RUFI

99 157 243 196 quaginta
258 162 352 187 erant.
393 158 516 187 Summa
529 157 621 187 totius
634 157 796 191 exereitus,
819 156 938 193 equites
955 158 1083 195 quadra·
1094 163 1126 189 13

99 200 181 237 ginta
197 199 333 236 quinque
348 199 443 235 inilia,
470 199 622 235 pedestris
638 198 721 228 acies
737 198 868 227 ducenta
882 199 963 229 milia
978 200 1083 236 exple-

99 246 192 271 verat.
228 241 295 270 Hoc
310 240 402 270 modo
418 240 557 270 instructi
572 241 678 270 decem
694 240 792 269 stadia
807 240 979 276 procedunt
993 241 1082 270 iussi-

98 291 158 320 que
175 282 343 312 subsistere
358 283 463 311 armati
479 282 598 312 hostem
614 282 825 318 expectabant.

182 323 249 360 (46)
280 324 444 353 Alexandri
466 324 630 353 exercitum
652 331 762 359 pavor,
789 323 875 352 euius
901 331 995 352 eausa
1019 331 1079 353 non
1092 329 1124 353 14

96 366 234 401 suberat,
260 365 385 395 invasit:
419 365 532 402 quippe
557 365 704 403 lymphati
728 365 880 401 trepidare
906 369 1081 401 coeperunt,

96 407 229 437 omnium
245 411 368 444 pectora
390 408 508 436 occulto
528 411 609 436 metu
623 410 827 443 percurrente.
865 406 948 436 Coeli
974 407 1081 442 fulgor,

95 454 233 485 tempore
249 448 366 478 uest1vo
383 449 499 477 ardenti
515 448 620 477 similis
636 447 827 483 internitens,
849 448 928 484 ignis
944 447 1082 484 praebuit

96 490 247 527 speciem,
274 489 475 526 flammasque
500 498 537 518 ex
552 489 642 518 Darei
668 489 776 519 castris
793 490 971 525 splendere,
998 490 1081 518 velut

95 531 167 562 illati
182 536 295 561 temere
310 531 481 568 praesidiis,
498 531 671 561 eredebant.
712 530 826 567 Quodsi
844 530 993 567 perculsis
1014 530 1077 559 Ma·
1091 533 1121 558 15

95 582 204 609 zaeus,
221 574 271 610 qui
289 573 483 609 praesidebat
497 573 610 607 itineri,
628 572 872 609 supervenisset,
895 572 1003 609 ingens
1020 572 1079 601 cla-

96 616 151 645 des
167 615 263 652 accipi
280 615 392 651 potuit:
415 623 503 650 nunc,
533 615 604 644 dum
619 614 668 643 ille
685 615 788 650 segnis
804 614 832 642 in
850 622 896 649 eo,
924 622 1013 650 quem
1029 621 1079 643 oe—

95 661 267 693 cupaverat,
282 657 395 685 tumulo
409 657 504 691 sedet,
518 660 678 685 contentus
691 663 750 685 non
763 655 884 690 lacessi,
896 655 1077 690 Alexander,
1089 657 1121 683 16

95 698 216 735 cognito
231 706 346 735 pavore
358 698 520 733 exercitus,
534 698 652 734 signum
664 702 696 727 ut
708 697 910 727 consisterent
922 697 995 732 dari,
1010 701 1079 726 ante

94 740 179 776 ipsos
195 748 279 768 arma
294 740 448 776 deponere
464 747 499 769 ac
516 740 616 768 levare
632 747 763 775 corpora
778 739 874 772 iubet,
901 739 1078 774 admonens,

94 782 204 811 nullam
222 781 310 811 subiti
327 789 450 810 causam
473 789 543 810 esse
565 781 702 815 terroris,
729 780 848 809 hostem
863 780 969 816 procul
987 784 1077 810 stare.

92 824 225 852 Tandem
241 827 399 859 compotes
415 822 462 852 sui
483 822 595 858 pariter
616 831 699 851 arma
719 826 749 851 et
772 821 889 850 animos
915 829 1075 858 recepere:
1089 822 1119 849 17

93 873 149 893 nec
165 864 326 901 quicquam
343 872 380 893 ex
397 864 608 900 praesentibus
623 863 715 893 tutius
732 862 829 892 visum
845 867 899 898 est,
918 871 1008 899 quam
1026 870 1077 892 eo—

93 907 161 935 dem
177 907 245 935 loco
262 910 360 935 eastra
377 906 499 935 munire.
533 905 658 935 Postero
682 905 730 934 dic
751 905 908 939 Mazaeus,
936 905 986 940 qui
1007 912 1075 933 cum
1087 907 1120 933 18

94 947 220 976 delectis
236 948 371 984 equitum
388 947 417 976 in
432 947 512 976 edito
530 948 622 981 colle,
649 955 688 976 ex
710 956 770 983 quo
792 946 991 976 Macedonum
1007 954 1077 982 pro-

93 988 298 1025 spiciebantur
314 993 423 1025 castra,
439 989 629 1023 consederat,
646 988 711 1017 sive
727 993 815 1023 metu,
838 988 904 1017 sive
920 987 992 1024 quia
1007 995 1076 1024 spe-

92 1030 185 1059 culari
205 1031 296 1059 modo
318 1030 421 1059 iussus
443 1035 523 1066 erat,
549 1030 588 1059 ad
609 1031 738 1059 Dareum
760 1029 856 1059 rediit.
890 1029 1074 1058 Macedones
1086 1031 1120 1057 19

92 1080 160 1101 eum
175 1071 274 1108 ipsum
291 1072 407 1106 collem⁷
426 1080 515 1108 quem
531 1072 721 1106 deseruerat,
744 1075 986 1107 occupaverunt:
1008 1078 1076 1099 nam

91 1118 120 1143 et
137 1113 226 1143 tutior
238 1113 361 1150 planitie
377 1118 440 1142 erat
462 1118 491 1142 et
502 1113 572 1142 inde
585 1113 668 1142 acics
680 1112 821 1147 hostium,
836 1112 955 1149 quaein
968 1119 1076 1148 campo

91 1155 313 1191 explicabatur,
336 1154 472 1191 conspici
494 1159 621 1191 poterat.
664 1154 725 1183 Sed
748 1154 861 1190 caligo,
883 1162 973 1190 quam
996 1152 1076 1182 circa
1085 1156 1119 1181 20

90 1196 204 1226 humidi
220 1196 390 1226 effuderant
404 1201 538 1231 montes⁷
560 1196 733 1225 universam
755 1195 895 1232 equidem
910 1195 954 1224 rei
969 1194 1077 1224 faciem

90 1247 150 1267 non
166 1237 303 1273 abstulit,
325 1242 456 1267 ceterum
478 1237 628 1274 agminum
645 1236 818 1266 discrimina
833 1241 924 1273 atque
941 1236 1076 1266 ordinem

90 1278 243 1316 prohibuit
257 1279 397 1315 perspici.
434 1278 590 1308 Multitudo
608 1279 807 1307 inundaverat
826 1286 962 1314 campos,
979 1277 1077 1306 fremi-

90 1326 201 1358 tusque
217 1325 261 1350 tot
272 1320 383 1350 milium
400 1320 488 1350 etiam
505 1321 612 1357 procul
625 1320 766 1349 stantium
781 1328 871 1349 aures
888 1319 1075 1356 impleverat.

89 1362 239 1392 Fluctuari
261 1362 361 1391 animo
385 1371 439 1391 rex
463 1367 493 1391 et
513 1362 604 1391 modo
627 1370 730 1396 suum,
756 1362 846 1390 modo
869 1359 1073 1390 Parmenionis
1084 1363 1116 1388 21

90 1403 250 1434 consilium
265 1412 334 1433 sera
349 1403 558 1433 aestimatione
579 1403 785 1440 perpendere:
814 1402 928 1439 quippe
951 1410 987 1431 co
1005 1410 1076 1431 ven-

90 1451 150 1475 tum
166 1450 238 1480 erat,
250 1445 332 1475 unde
346 1444 440 1481 recipi
457 1445 619 1480 exereitus,
636 1444 693 1474 nisi
710 1444 815 1479 vletor,
832 1444 897 1473 sine
914 1443 1000 1472 clade
1016 1452 1076 1472 non

89 1492 205 1524 posset.
239 1485 397 1528 [Movebat
412 1486 501 1516 etiam
517 1495 584 1516 euni
600 1486 757 1515 multitudo
773 1485 915 1521 hostium,
934 1489 1076 1521 respectu

89 1528 249 1565 paucitatis
266 1537 340 1559 suae
356 1527 469 1565 gentis:
499 1529 553 1558 sed
576 1528 723 1557 interdum
744 1527 918 1563 reputabat⁷
946 1530 1074 1562 quantas
1085 1529 1118 1553 22

88 1578 138 1599 res
157 1578 225 1599 eum
247 1570 305 1599 hac
326 1573 416 1606 gente
438 1569 588 1606 gessisset
611 1574 804 1606 quantosque
827 1568 959 1605 populos
982 1567 1075 1596 sudis-

89 1609 161 1652 5οι]
183 1612 297 1648 ltaque,
312 1609 421 1652 [quum
434 1620 507 1648 spes
520 1615 630 1641 metum
645 1610 785 1645 vinceret,
800 1608 1002 1646 periculosius
1014 1608 1076 1638 bel—

88 1655 149 1682 lum
165 1652 288 1682 differre
303 1657 395 1688 ratus,
418 1661 455 1682 ne
471 1652 645 1690 desperatio
662 1652 725 1682 suis
741 1648 918 1691 cresceret]
935 1649 1077 1679 dissimu-

86 1696 148 1724 lato
159 1703 205 1731 eo,
219 1694 438 1725 mercenarium
452 1694 583 1731 equitem
594 1702 633 1723 ex
644 1692 774 1723 Paeonia
786 1693 972 1729 praecedere
984 1691 1062 1722 iubet
1070 1710 1080 1719 .
