<?xml version="1.0" encoding="UTF-8"?>
<!DOCTYPE html PUBLIC "-//W3C//DTD XHTML 1.0 Transitional//EN"
    "http://www.w3.org/TR/xhtml1/DTD/xhtml1-transitional.dtd">
<html xmlns="http://www.w3.org/1999/xhtml" xml:lang="en" lang="en">
 <head>
  <title>
</title>
<meta http-equiv="Content-Type" content="text/html;charset=utf-8" />
  <meta name='ocr-system' content='tesseract 3.04.00' />
  <meta name='ocr-capabilities' content='ocr_page ocr_carea ocr_par ocr_line ocrx_word'/>
</head>
<body>
  <div class='ocr_page' id='page_1' title='image "./degestisalexand00curtuoft_0239.png"; bbox 0 0 1215 1905; ppageno 0'>
   <div class='ocr_carea' id='block_1_1' title="bbox 203 99 1071 137">
    <p class='ocr_par' dir='ltr' id='par_1_1' title="bbox 203 99 1071 137">
     <span class='ocr_line' id='line_1_1' title="bbox 203 99 1071 137; baseline 0.001 -8"><span class='ocrx_word' id='word_1_1' title='bbox 203 101 273 130; x_wconf 89' lang='lat' dir='ltr'>LIB.</span> <span class='ocrx_word' id='word_1_2' title='bbox 288 100 367 129; x_wconf 84' lang='lat' dir='ltr'>VIII.</span> <span class='ocrx_word' id='word_1_3' title='bbox 391 99 473 129; x_wconf 78' lang='lat' dir='ltr'><strong>CAP.</strong></span> <span class='ocrx_word' id='word_1_4' title='bbox 488 99 566 135; x_wconf 86' lang='lat' dir='ltr'>XIV,</span> <span class='ocrx_word' id='word_1_5' title='bbox 583 103 684 129; x_wconf 41' lang='grc' dir='ltr'>ειν-28.</span> <span class='ocrx_word' id='word_1_6' title='bbox 707 108 772 136; x_wconf 59' lang='grc' dir='ltr'>[νιιι</span> <span class='ocrx_word' id='word_1_7' title='bbox 790 109 874 130; x_wconf 74' lang='grc'><strong>47-49.</strong></span> <span class='ocrx_word' id='word_1_8' title='bbox 896 104 933 137; x_wconf 73' lang='lat' dir='ltr'>z]</span> <span class='ocrx_word' id='word_1_9' title='bbox 1016 99 1071 130; x_wconf 77' lang='lat'>211</span> 
     </span>
    </p>
   </div>
   <div class='ocr_carea' id='block_1_2' title="bbox 51 175 1081 785">
    <p class='ocr_par' dir='ltr' id='par_1_2' title="bbox 51 175 1081 785">
     <span class='ocr_line' id='line_1_2' title="bbox 90 175 1079 211; baseline 0 -6"><span class='ocrx_word' id='word_1_10' title='bbox 90 177 188 205; x_wconf 81' lang='lat' dir='ltr'>beluus</span> <span class='ocrx_word' id='word_1_11' title='bbox 206 179 389 211; x_wconf 81' lang='lat' dir='ltr'><em>rectoresque</em></span> <span class='ocrx_word' id='word_1_12' title='bbox 405 183 506 204; x_wconf 84' lang='lat' dir='ltr'>earum</span> <span class='ocrx_word' id='word_1_13' title='bbox 526 176 593 203; x_wconf 80' lang='lat' dir='ltr'>usui</span> <span class='ocrx_word' id='word_1_14' title='bbox 609 183 670 204; x_wconf 83' lang='lat' dir='ltr'>esse</span> <span class='ocrx_word' id='word_1_15' title='bbox 685 178 824 211; x_wconf 83' lang='lat' dir='ltr'>poterunt</span> <span class='ocrx_word' id='word_1_16' title='bbox 829 185 839 203; x_wconf 90' lang='grc'>.-</span> <span class='ocrx_word' id='word_1_17' title='bbox 855 175 1006 204; x_wconf 80' lang='lat' dir='ltr'>deturbate</span> <span class='ocrx_word' id='word_1_18' title='bbox 1023 185 1079 211; x_wconf 82' lang='lat' dir='ltr'>eos,</span> 
     </span>
     <span class='ocr_line' id='line_1_3' title="bbox 91 216 1081 254; baseline 0 -8"><span class='ocrx_word' id='word_1_19' title='bbox 91 219 143 254; x_wconf 71' lang='lat' dir='ltr'>qm*</span> <span class='ocrx_word' id='word_1_20' title='bbox 159 218 310 251; x_wconf 75' lang='lat' dir='ltr'>vehuntur,</span> <span class='ocrx_word' id='word_1_21' title='bbox 328 220 356 246; x_wconf 79' lang='lat' dir='ltr'>et</span> <span class='ocrx_word' id='word_1_22' title='bbox 372 218 452 253; x_wconf 82' lang='lat' dir='ltr'>ipsas</span> <span class='ocrx_word' id='word_1_23' title='bbox 468 216 626 251; x_wconf 63' lang='lat' dir='ltr'>consociate.</span> <span class='ocrx_word' id='word_1_24' title='bbox 670 217 786 252; x_wconf 79' lang='lat' dir='ltr'><em>Anceps</em></span> <span class='ocrx_word' id='word_1_25' title='bbox 800 224 895 252; x_wconf 70' lang='lat' dir='ltr'>,oenus</span> <span class='ocrx_word' id='word_1_26' title='bbox 913 218 1023 246; x_wconf 75' lang='lat' dir='ltr'>auxilii</span> <span class='ocrx_word' id='word_1_27' title='bbox 1038 221 1081 247; x_wconf 86' lang='lat' dir='ltr'>est</span> 
     </span>
     <span class='ocr_line' id='line_1_4' title="bbox 90 257 1080 294; baseline 0.001 -6"><span class='ocrx_word' id='word_1_28' title='bbox 90 263 118 288; x_wconf 82' lang='lat' dir='ltr'>et</span> <span class='ocrx_word' id='word_1_29' title='bbox 139 260 169 287; x_wconf 81' lang='lat' dir='ltr'>in</span> <span class='ocrx_word' id='word_1_30' title='bbox 190 266 257 287; x_wconf 84' lang='lat' dir='ltr'>suos</span> <span class='ocrx_word' id='word_1_31' title='bbox 279 259 379 288; x_wconf 77' lang='lat' dir='ltr'>acrius</span> <span class='ocrx_word' id='word_1_32' title='bbox 397 258 483 293; x_wconf 78' lang='lat' dir='ltr'>sur-il.</span> <span class='ocrx_word' id='word_1_33' title='bbox 526 257 565 286; x_wconf 83' lang='lat' dir='ltr'>In</span> <span class='ocrx_word' id='word_1_34' title='bbox 587 258 695 286; x_wconf 76' lang='lat' dir='ltr'>hostem</span> <span class='ocrx_word' id='word_1_35' title='bbox 716 259 793 286; x_wconf 83' lang='lat' dir='ltr'>enim</span> <span class='ocrx_word' id='word_1_36' title='bbox 815 259 944 294; x_wconf 78' lang='lat' dir='ltr'>imperio,</span> <span class='ocrx_word' id='word_1_37' title='bbox 963 259 994 288; x_wconf 82' lang='lat' dir='ltr'>in</span> <span class='ocrx_word' id='word_1_38' title='bbox 1013 267 1080 289; x_wconf 85' lang='lat' dir='ltr'>suos</span> 
     </span>
     <span class='ocr_line' id='line_1_5' title="bbox 51 298 1078 338; baseline -0.002 -9"><span class='ocrx_word' id='word_1_39' title='bbox 51 303 81 330; x_wconf 84' lang='lat'>17</span> <span class='ocrx_word' id='word_1_40' title='bbox 89 307 199 336; x_wconf 79' lang='lat' dir='ltr'>pavore</span> <span class='ocrx_word' id='word_1_41' title='bbox 220 300 328 338; x_wconf 70' lang='lat' dir='ltr'>aqitur.</span> <span class='ocrx_word' id='word_1_42' title='bbox 378 299 460 328; x_wconf 83' lang='lat' dir='ltr'>Haec</span> <span class='ocrx_word' id='word_1_43' title='bbox 484 300 622 328; x_wconf 85' lang='lat' dir='ltr'>elocutus</span> <span class='ocrx_word' id='word_1_44' title='bbox 650 298 783 328; x_wconf 78' lang='lat' dir='ltr'>concitat</span> <span class='ocrx_word' id='word_1_45' title='bbox 808 307 921 335; x_wconf 88' lang='lat' dir='ltr'>equum</span> <span class='ocrx_word' id='word_1_46' title='bbox 948 299 1078 336; x_wconf 78' lang='lat' dir='ltr'>prImus:</span> 
     </span>
     <span class='ocr_line' id='line_1_6' title="bbox 92 339 1078 378; baseline 0.002 -9"><span class='ocrx_word' id='word_1_47' title='bbox 92 342 226 377; x_wconf 77' lang='lat' dir='ltr'>iamque,</span> <span class='ocrx_word' id='word_1_48' title='bbox 251 345 283 370; x_wconf 93' lang='lat' dir='ltr'>ut</span> <span class='ocrx_word' id='word_1_49' title='bbox 308 341 489 370; x_wconf 86' lang='lat' dir='ltr'>destinatum</span> <span class='ocrx_word' id='word_1_50' title='bbox 516 344 594 375; x_wconf 85' lang='lat' dir='ltr'>erat,</span> <span class='ocrx_word' id='word_1_51' title='bbox 617 339 772 370; x_wconf 81' lang='lat' dir='ltr'>invaserat</span> <span class='ocrx_word' id='word_1_52' title='bbox 788 340 913 369; x_wconf 83' lang='lat' dir='ltr'>ordines</span> <span class='ocrx_word' id='word_1_53' title='bbox 936 341 1078 378; x_wconf 86' lang='lat' dir='ltr'>hostium,</span> 
     </span>
     <span class='ocr_line' id='line_1_7' title="bbox 93 381 1077 418; baseline 0.002 -8"><span class='ocrx_word' id='word_1_54' title='bbox 93 390 184 418; x_wconf 79' lang='lat' dir='ltr'>quum</span> <span class='ocrx_word' id='word_1_55' title='bbox 213 382 332 412; x_wconf 91' lang='lat' dir='ltr'>Coenus</span> <span class='ocrx_word' id='word_1_56' title='bbox 364 381 477 418; x_wconf 88' lang='lat' dir='ltr'>ingenti</span> <span class='ocrx_word' id='word_1_57' title='bbox 510 381 538 410; x_wconf 87' lang='lat' dir='ltr'>vi</span> <span class='ocrx_word' id='word_1_58' title='bbox 571 382 600 410; x_wconf 89' lang='lat' dir='ltr'>in</span> <span class='ocrx_word' id='word_1_59' title='bbox 636 383 755 411; x_wconf 90' lang='lat' dir='ltr'>laevum</span> <span class='ocrx_word' id='word_1_60' title='bbox 791 389 886 412; x_wconf 88' lang='lat' dir='ltr'>cornu</span> <span class='ocrx_word' id='word_1_61' title='bbox 917 382 1077 412; x_wconf 84' lang='lat' dir='ltr'>invehitur.</span> 
     </span>
     <span class='ocr_line' id='line_1_8' title="bbox 52 422 1076 461; baseline 0.003 -9"><span class='ocrx_word' id='word_1_62' title='bbox 52 423 221 454; x_wconf 84' lang='lat' dir='ltr'>18Phalanx</span> <span class='ocrx_word' id='word_1_63' title='bbox 253 432 374 461; x_wconf 88' lang='lat' dir='ltr'>quoque</span> <span class='ocrx_word' id='word_1_64' title='bbox 408 423 536 452; x_wconf 85' lang='lat' dir='ltr'>mediam</span> <span class='ocrx_word' id='word_1_65' title='bbox 570 423 713 452; x_wconf 86' lang='lat' dir='ltr'>Indorum</span> <span class='ocrx_word' id='word_1_66' title='bbox 748 422 845 452; x_wconf 83' lang='lat' dir='ltr'><strong>aciem</strong></span> <span class='ocrx_word' id='word_1_67' title='bbox 874 432 934 453; x_wconf 90' lang='lat' dir='ltr'>uno</span> <span class='ocrx_word' id='word_1_68' title='bbox 965 425 1076 461; x_wconf 72' lang='lat' dir='ltr'>impetu</span> 
     </span>
     <span class='ocr_line' id='line_1_9' title="bbox 94 465 236 501; baseline 0 -9"><span class='ocrx_word' id='word_1_69' title='bbox 94 465 236 501; x_wconf 72' lang='lat' dir='ltr'>perrupit.</span> 
     </span>
     <span class='ocr_line' id='line_1_10' title="bbox 174 505 1078 542; baseline 0.001 -6"><span class='ocrx_word' id='word_1_70' title='bbox 174 505 240 540; x_wconf 78' lang='grc'>(49)</span> <span class='ocrx_word' id='word_1_71' title='bbox 268 508 307 535; x_wconf 85' lang='grc' dir='ltr'>Αι</span> <span class='ocrx_word' id='word_1_72' title='bbox 322 506 432 540; x_wconf 86' lang='lat' dir='ltr'>Porus,</span> <span class='ocrx_word' id='word_1_73' title='bbox 455 513 514 541; x_wconf 85' lang='lat' dir='ltr'>qua</span> <span class='ocrx_word' id='word_1_74' title='bbox 530 505 663 542; x_wconf 80' lang='lat' dir='ltr'><strong>equitem</strong></span> <span class='ocrx_word' id='word_1_75' title='bbox 678 505 779 535; x_wconf 89' lang='lat' dir='ltr'>invehi</span> <span class='ocrx_word' id='word_1_76' title='bbox 797 510 949 542; x_wconf 86' lang='lat' dir='ltr'>senserat,</span> <span class='ocrx_word' id='word_1_77' title='bbox 970 507 1078 537; x_wconf 87' lang='lat' dir='ltr'>beluas</span> 
     </span>
     <span class='ocr_line' id='line_1_11' title="bbox 92 546 1077 585; baseline 0.003 -10"><span class='ocrx_word' id='word_1_78' title='bbox 92 546 139 582; x_wconf 83' lang='lat' dir='ltr'>agi</span> <span class='ocrx_word' id='word_1_79' title='bbox 156 547 257 577; x_wconf 84' lang='lat' dir='ltr'>iussit:</span> <span class='ocrx_word' id='word_1_80' title='bbox 274 548 328 577; x_wconf 90' lang='lat' dir='ltr'>sed</span> <span class='ocrx_word' id='word_1_81' title='bbox 344 548 461 576; x_wconf 83' lang='lat' dir='ltr'>tardum</span> <span class='ocrx_word' id='word_1_82' title='bbox 477 551 506 576; x_wconf 92' lang='lat' dir='ltr'>et</span> <span class='ocrx_word' id='word_1_83' title='bbox 522 555 620 583; x_wconf 88' lang='lat' dir='ltr'>paene</span> <span class='ocrx_word' id='word_1_84' title='bbox 636 547 789 576; x_wconf 88' lang='lat' dir='ltr'>immobile</span> <span class='ocrx_word' id='word_1_85' title='bbox 805 547 914 576; x_wconf 89' lang='lat' dir='ltr'>animal</span> <span class='ocrx_word' id='word_1_86' title='bbox 929 556 1077 585; x_wconf 85' lang='lat' dir='ltr'>equorum</span> 
     </span>
     <span class='ocr_line' id='line_1_12' title="bbox 53 588 1077 627; baseline 0.003 -10"><span class='ocrx_word' id='word_1_87' title='bbox 53 591 83 617; x_wconf 86' lang='lat'>19</span> <span class='ocrx_word' id='word_1_88' title='bbox 92 588 281 618; x_wconf 83' lang='lat' dir='ltr'>velocitatem</span> <span class='ocrx_word' id='word_1_89' title='bbox 296 597 428 625; x_wconf 86' lang='lat' dir='ltr'>aequare</span> <span class='ocrx_word' id='word_1_90' title='bbox 443 596 502 618; x_wconf 92' lang='lat' dir='ltr'>non</span> <span class='ocrx_word' id='word_1_91' title='bbox 521 592 648 624; x_wconf 89' lang='lat' dir='ltr'>poterat.</span> <span class='ocrx_word' id='word_1_92' title='bbox 691 589 734 618; x_wconf 91' lang='lat' dir='ltr'>Ne</span> <span class='ocrx_word' id='word_1_93' title='bbox 756 588 932 625; x_wconf 81' lang='lat' dir='ltr'>sagittarum</span> <span class='ocrx_word' id='word_1_94' title='bbox 956 590 1077 627; x_wconf 85' lang='lat' dir='ltr'>quidem</span> 
     </span>
     <span class='ocr_line' id='line_1_13' title="bbox 94 628 1076 668; baseline 0.005 -12"><span class='ocrx_word' id='word_1_95' title='bbox 94 628 171 658; x_wconf 87' lang='lat' dir='ltr'>ullus</span> <span class='ocrx_word' id='word_1_96' title='bbox 192 634 256 659; x_wconf 81' lang='lat' dir='ltr'>erat</span> <span class='ocrx_word' id='word_1_97' title='bbox 275 630 411 658; x_wconf 76' lang='lat' dir='ltr'>barbarIS</span> <span class='ocrx_word' id='word_1_98' title='bbox 431 638 516 659; x_wconf 88' lang='lat' dir='ltr'>usus.</span> <span class='ocrx_word' id='word_1_99' title='bbox 561 629 680 666; x_wconf 85' lang='lat' dir='ltr'>Quippe</span> <span class='ocrx_word' id='word_1_100' title='bbox 702 631 809 667; x_wconf 85' lang='lat' dir='ltr'>longas</span> <span class='ocrx_word' id='word_1_101' title='bbox 832 634 861 660; x_wconf 80' lang='lat' dir='ltr'>et</span> <span class='ocrx_word' id='word_1_102' title='bbox 881 639 1076 668; x_wconf 84' lang='lat' dir='ltr'>praegraves,</span> 
     </span>
     <span class='ocr_line' id='line_1_14' title="bbox 92 670 1076 710; baseline 0.003 -11"><span class='ocrx_word' id='word_1_103' title='bbox 92 670 150 699; x_wconf 88' lang='lat' dir='ltr'>nisi</span> <span class='ocrx_word' id='word_1_104' title='bbox 166 670 250 708; x_wconf 89' lang='lat' dir='ltr'>prius</span> <span class='ocrx_word' id='word_1_105' title='bbox 272 670 301 700; x_wconf 94' lang='lat' dir='ltr'>in</span> <span class='ocrx_word' id='word_1_106' title='bbox 322 674 402 700; x_wconf 81' lang='lat' dir='ltr'>terra</span> <span class='ocrx_word' id='word_1_107' title='bbox 422 675 589 701; x_wconf 85' lang='lat' dir='ltr'>statuerent</span> <span class='ocrx_word' id='word_1_108' title='bbox 609 679 727 706; x_wconf 75' lang='lat' dir='ltr'>arcum,</span> <span class='ocrx_word' id='word_1_109' title='bbox 753 672 836 701; x_wconf 89' lang='lat' dir='ltr'>haud</span> <span class='ocrx_word' id='word_1_110' title='bbox 861 672 934 702; x_wconf 84' lang='lat' dir='ltr'>satis</span> <span class='ocrx_word' id='word_1_111' title='bbox 957 677 1027 710; x_wconf 86' lang='lat' dir='ltr'>apte</span> <span class='ocrx_word' id='word_1_112' title='bbox 1048 677 1076 707; x_wconf 59' lang='grc' dir='ltr'>ε’</span> 
     </span>
     <span class='ocr_line' id='line_1_15' title="bbox 93 712 1076 751; baseline 0.003 -10"><span class='ocrx_word' id='word_1_113' title='bbox 93 713 250 742; x_wconf 87' lang='lat' dir='ltr'>commode</span> <span class='ocrx_word' id='word_1_114' title='bbox 268 712 437 749; x_wconf 86' lang='lat' dir='ltr'>imponunt:</span> <span class='ocrx_word' id='word_1_115' title='bbox 466 718 540 745; x_wconf 77' lang='lat' dir='ltr'>tum,</span> <span class='ocrx_word' id='word_1_116' title='bbox 567 713 656 742; x_wconf 89' lang='lat' dir='ltr'>humo</span> <span class='ocrx_word' id='word_1_117' title='bbox 679 714 796 743; x_wconf 87' lang='lat' dir='ltr'>lubrica</span> <span class='ocrx_word' id='word_1_118' title='bbox 821 718 850 743; x_wconf 89' lang='lat' dir='ltr'>et</span> <span class='ocrx_word' id='word_1_119' title='bbox 871 714 909 742; x_wconf 88' lang='lat' dir='ltr'>ob</span> <span class='ocrx_word' id='word_1_120' title='bbox 932 713 962 743; x_wconf 91' lang='lat' dir='ltr'>id</span> <span class='ocrx_word' id='word_1_121' title='bbox 984 714 1076 751; x_wconf 87' lang='lat' dir='ltr'>impe-</span> 
     </span>
     <span class='ocr_line' id='line_1_16' title="bbox 93 754 1076 785; baseline 0.003 -3"><span class='ocrx_word' id='word_1_122' title='bbox 93 754 193 784; x_wconf 84' lang='lat' dir='ltr'>diente</span> <span class='ocrx_word' id='word_1_123' title='bbox 210 759 364 785; x_wconf 72' lang='lat' dir='ltr'>conatum,</span> <span class='ocrx_word' id='word_1_124' title='bbox 386 755 543 784; x_wconf 81' lang='lat' dir='ltr'>molientes</span> <span class='ocrx_word' id='word_1_125' title='bbox 565 754 642 784; x_wconf 86' lang='lat' dir='ltr'>ictus</span> <span class='ocrx_word' id='word_1_126' title='bbox 665 755 818 785; x_wconf 84' lang='lat' dir='ltr'>celeritate</span> <span class='ocrx_word' id='word_1_127' title='bbox 841 755 972 785; x_wconf 89' lang='lat' dir='ltr'>hostium</span> <span class='ocrx_word' id='word_1_128' title='bbox 988 764 1076 785; x_wconf 90' lang='lat' dir='ltr'>oceu-</span> 
     </span>
    </p>
   </div>
   <div class='ocr_carea' id='block_1_3' title="bbox 0 789 1074 833">
    <p class='ocr_par' dir='ltr' id='par_1_3' title="bbox 0 789 1074 833">
     <span class='ocr_line' id='line_1_17' title="bbox 0 789 1074 833; baseline 0.001 -8"><span class='ocrx_word' id='word_1_129' title='bbox 0 789 1 798; x_wconf 64' lang='grc'>’</span> <span class='ocrx_word' id='word_1_130' title='bbox 51 800 84 825; x_wconf 77' lang='lat'>20</span> <span class='ocrx_word' id='word_1_131' title='bbox 93 800 209 831; x_wconf 75' lang='lat' dir='ltr'>pantur.</span> <span class='ocrx_word' id='word_1_132' title='bbox 252 796 331 832; x_wconf 87' lang='lat' dir='ltr'>Ergo</span> <span class='ocrx_word' id='word_1_133' title='bbox 354 801 455 833; x_wconf 89' lang='lat' dir='ltr'>spreto</span> <span class='ocrx_word' id='word_1_134' title='bbox 477 796 557 832; x_wconf 87' lang='lat' dir='ltr'>regis</span> <span class='ocrx_word' id='word_1_135' title='bbox 581 795 724 833; x_wconf 84' lang='lat' dir='ltr'>imperio,</span> <span class='ocrx_word' id='word_1_136' title='bbox 748 797 846 833; x_wconf 85' lang='lat' dir='ltr'>(quod</span> <span class='ocrx_word' id='word_1_137' title='bbox 868 797 931 826; x_wconf 78' lang='lat' dir='ltr'>sere</span> <span class='ocrx_word' id='word_1_138' title='bbox 951 797 998 832; x_wconf 85' lang='lat' dir='ltr'>fit,</span> <span class='ocrx_word' id='word_1_139' title='bbox 1026 797 1074 826; x_wconf 88' lang='lat' dir='ltr'>ubi</span> 
     </span>
    </p>
   </div>
   <div class='ocr_carea' id='block_1_4' title="bbox 32 837 1078 1621">
    <p class='ocr_par' dir='ltr' id='par_1_4' title="bbox 32 837 1078 1621">
     <span class='ocr_line' id='line_1_18' title="bbox 92 837 1076 874; baseline 0.002 -8"><span class='ocrx_word' id='word_1_140' title='bbox 92 837 218 866; x_wconf 86' lang='lat' dir='ltr'>turbatis</span> <span class='ocrx_word' id='word_1_141' title='bbox 240 837 339 866; x_wconf 84' lang='lat' dir='ltr'>acrius</span> <span class='ocrx_word' id='word_1_142' title='bbox 359 841 456 866; x_wconf 90' lang='lat' dir='ltr'>metus</span> <span class='ocrx_word' id='word_1_143' title='bbox 472 845 562 874; x_wconf 87' lang='lat' dir='ltr'>quam</span> <span class='ocrx_word' id='word_1_144' title='bbox 579 837 641 866; x_wconf 85' lang='lat' dir='ltr'>dux</span> <span class='ocrx_word' id='word_1_145' title='bbox 657 837 808 874; x_wconf 82' lang='lat' dir='ltr'>imperare</span> <span class='ocrx_word' id='word_1_146' title='bbox 823 838 937 874; x_wconf 89' lang='lat' dir='ltr'>coepit)</span> <span class='ocrx_word' id='word_1_147' title='bbox 953 837 1076 868; x_wconf 90' lang='lat' dir='ltr'>totidem</span> 
     </span>
     <span class='ocr_line' id='line_1_19' title="bbox 52 878 1076 916; baseline 0 -8"><span class='ocrx_word' id='word_1_148' title='bbox 52 883 177 908; x_wconf 75' lang='lat' dir='ltr'>merant</span> <span class='ocrx_word' id='word_1_149' title='bbox 191 878 404 916; x_wconf 82' lang='lat' dir='ltr'>Imperatores,</span> <span class='ocrx_word' id='word_1_150' title='bbox 425 883 498 915; x_wconf 84' lang='lat' dir='ltr'>quot</span> <span class='ocrx_word' id='word_1_151' title='bbox 513 878 633 914; x_wconf 83' lang='lat' dir='ltr'>agmina</span> <span class='ocrx_word' id='word_1_152' title='bbox 649 880 798 908; x_wconf 85' lang='lat' dir='ltr'>errabant.</span> <span class='ocrx_word' id='word_1_153' title='bbox 842 878 929 908; x_wconf 89' lang='lat' dir='ltr'>Alius</span> <span class='ocrx_word' id='word_1_154' title='bbox 951 879 1076 916; x_wconf 85' lang='lat' dir='ltr'>iungere</span> 
     </span>
     <span class='ocr_line' id='line_1_20' title="bbox 91 919 1074 956; baseline -0.001 -6"><span class='ocrx_word' id='word_1_155' title='bbox 91 920 196 955; x_wconf 82' lang='lat' dir='ltr'>aciem,</span> <span class='ocrx_word' id='word_1_156' title='bbox 222 920 299 950; x_wconf 80' lang='lat' dir='ltr'>alius</span> <span class='ocrx_word' id='word_1_157' title='bbox 315 920 460 954; x_wconf 80' lang='lat' dir='ltr'>dividere,</span> <span class='ocrx_word' id='word_1_158' title='bbox 487 925 567 949; x_wconf 83' lang='lat' dir='ltr'>stare</span> <span class='ocrx_word' id='word_1_159' title='bbox 585 919 716 956; x_wconf 81' lang='lat' dir='ltr'>quidam,</span> <span class='ocrx_word' id='word_1_160' title='bbox 745 925 774 950; x_wconf 88' lang='lat' dir='ltr'>et</span> <span class='ocrx_word' id='word_1_161' title='bbox 797 921 932 950; x_wconf 85' lang='lat' dir='ltr'>nonnulli</span> <span class='ocrx_word' id='word_1_162' title='bbox 950 920 1074 950; x_wconf 89' lang='lat' dir='ltr'>circum-</span> 
     </span>
     <span class='ocr_line' id='line_1_21' title="bbox 92 961 1073 999; baseline 0.001 -9"><span class='ocrx_word' id='word_1_163' title='bbox 92 961 160 991; x_wconf 82' lang='lat' dir='ltr'>vehi</span> <span class='ocrx_word' id='word_1_164' title='bbox 176 966 258 999; x_wconf 88' lang='lat' dir='ltr'>terga</span> <span class='ocrx_word' id='word_1_165' title='bbox 273 962 403 991; x_wconf 87' lang='lat' dir='ltr'>hostium</span> <span class='ocrx_word' id='word_1_166' title='bbox 425 961 576 990; x_wconf 87' lang='lat' dir='ltr'>iubebant.</span> <span class='ocrx_word' id='word_1_167' title='bbox 620 961 697 990; x_wconf 92' lang='lat' dir='ltr'>Nihil</span> <span class='ocrx_word' id='word_1_168' title='bbox 723 962 752 991; x_wconf 90' lang='lat' dir='ltr'>in</span> <span class='ocrx_word' id='word_1_169' title='bbox 778 961 909 991; x_wconf 88' lang='lat' dir='ltr'>medium</span> <span class='ocrx_word' id='word_1_170' title='bbox 937 963 1073 991; x_wconf 84' lang='lat' dir='ltr'>consule-</span> 
     </span>
     <span class='ocr_line' id='line_1_22' title="bbox 50 1002 1073 1040; baseline -0.001 -7"><span class='ocrx_word' id='word_1_171' title='bbox 50 1008 82 1033; x_wconf 73' lang='lat'>22</span> <span class='ocrx_word' id='word_1_172' title='bbox 92 1003 186 1033; x_wconf 83' lang='lat' dir='ltr'>batur.</span> <span class='ocrx_word' id='word_1_173' title='bbox 229 1003 324 1032; x_wconf 83' lang='lat' dir='ltr'>Porus</span> <span class='ocrx_word' id='word_1_174' title='bbox 338 1007 435 1032; x_wconf 88' lang='lat' dir='ltr'>tamen</span> <span class='ocrx_word' id='word_1_175' title='bbox 452 1011 519 1032; x_wconf 86' lang='lat' dir='ltr'>cum</span> <span class='ocrx_word' id='word_1_176' title='bbox 534 1002 656 1039; x_wconf 83' lang='lat' dir='ltr'>paucis,</span> <span class='ocrx_word' id='word_1_177' title='bbox 675 1003 785 1040; x_wconf 88' lang='lat' dir='ltr'>quibus</span> <span class='ocrx_word' id='word_1_178' title='bbox 801 1007 882 1033; x_wconf 89' lang='lat' dir='ltr'>metu</span> <span class='ocrx_word' id='word_1_179' title='bbox 896 1002 998 1040; x_wconf 80' lang='lat' dir='ltr'>potior</span> <span class='ocrx_word' id='word_1_180' title='bbox 1013 1004 1073 1033; x_wconf 76' lang='lat' dir='ltr'>fue-</span> 
     </span>
     <span class='ocr_line' id='line_1_23' title="bbox 92 1043 1076 1081; baseline 0.002 -9"><span class='ocrx_word' id='word_1_181' title='bbox 92 1049 136 1074; x_wconf 85' lang='lat' dir='ltr'>rat</span> <span class='ocrx_word' id='word_1_182' title='bbox 152 1045 257 1081; x_wconf 83' lang='lat' dir='ltr'>pudor,</span> <span class='ocrx_word' id='word_1_183' title='bbox 274 1043 417 1081; x_wconf 82' lang='lat' dir='ltr'>colligere</span> <span class='ocrx_word' id='word_1_184' title='bbox 432 1044 601 1081; x_wconf 88' lang='lat' dir='ltr'>dispersos,</span> <span class='ocrx_word' id='word_1_185' title='bbox 623 1044 733 1074; x_wconf 90' lang='lat' dir='ltr'>obvius</span> <span class='ocrx_word' id='word_1_186' title='bbox 748 1044 828 1074; x_wconf 83' lang='lat' dir='ltr'>hosti</span> <span class='ocrx_word' id='word_1_187' title='bbox 845 1044 888 1073; x_wconf 88' lang='lat' dir='ltr'>ire</span> <span class='ocrx_word' id='word_1_188' title='bbox 904 1044 1002 1081; x_wconf 86' lang='lat' dir='ltr'>pergit</span> <span class='ocrx_word' id='word_1_189' title='bbox 1017 1046 1076 1074; x_wconf 87' lang='lat' dir='ltr'>ele-</span> 
     </span>
     <span class='ocr_line' id='line_1_24' title="bbox 50 1085 1076 1123; baseline 0 -8"><span class='ocrx_word' id='word_1_190' title='bbox 50 1091 82 1116; x_wconf 77' lang='lat'>23</span> <span class='ocrx_word' id='word_1_191' title='bbox 91 1086 284 1123; x_wconf 88' lang='lat' dir='ltr'>phantosque</span> <span class='ocrx_word' id='word_1_192' title='bbox 307 1090 375 1115; x_wconf 90' lang='lat' dir='ltr'>ante</span> <span class='ocrx_word' id='word_1_193' title='bbox 391 1094 496 1122; x_wconf 87' lang='lat' dir='ltr'>agmen</span> <span class='ocrx_word' id='word_1_194' title='bbox 517 1094 640 1115; x_wconf 86' lang='lat' dir='ltr'>suorum</span> <span class='ocrx_word' id='word_1_195' title='bbox 661 1085 710 1123; x_wconf 87' lang='lat' dir='ltr'>agi</span> <span class='ocrx_word' id='word_1_196' title='bbox 726 1086 817 1115; x_wconf 86' lang='lat' dir='ltr'>iubet.</span> <span class='ocrx_word' id='word_1_197' title='bbox 860 1086 1003 1122; x_wconf 86' lang='lat' dir='ltr'>Magnum</span> <span class='ocrx_word' id='word_1_198' title='bbox 1024 1086 1076 1115; x_wconf 88' lang='lat' dir='ltr'>be-</span> 
     </span>
     <span class='ocr_line' id='line_1_25' title="bbox 91 1127 1076 1165; baseline 0.001 -9"><span class='ocrx_word' id='word_1_199' title='bbox 91 1128 160 1157; x_wconf 84' lang='lat' dir='ltr'>luae</span> <span class='ocrx_word' id='word_1_200' title='bbox 185 1127 316 1157; x_wconf 80' lang='lat' dir='ltr'>inlecere</span> <span class='ocrx_word' id='word_1_201' title='bbox 342 1131 502 1160; x_wconf 72' lang='lat' dir='ltr'>terrorem,</span> <span class='ocrx_word' id='word_1_202' title='bbox 529 1127 731 1164; x_wconf 81' lang='lat' dir='ltr'>insolitusque</span> <span class='ocrx_word' id='word_1_203' title='bbox 758 1127 870 1156; x_wconf 88' lang='lat' dir='ltr'>stridor</span> <span class='ocrx_word' id='word_1_204' title='bbox 896 1136 956 1157; x_wconf 93' lang='lat' dir='ltr'>non</span> <span class='ocrx_word' id='word_1_205' title='bbox 979 1136 1076 1165; x_wconf 87' lang='lat' dir='ltr'>equos</span> 
     </span>
     <span class='ocr_line' id='line_1_26' title="bbox 91 1168 1077 1206; baseline 0 -8"><span class='ocrx_word' id='word_1_206' title='bbox 91 1169 197 1203; x_wconf 88' lang='lat' dir='ltr'>modo,</span> <span class='ocrx_word' id='word_1_207' title='bbox 222 1173 281 1198; x_wconf 88' lang='lat' dir='ltr'>tam</span> <span class='ocrx_word' id='word_1_208' title='bbox 298 1169 440 1206; x_wconf 82' lang='lat' dir='ltr'>pavidum</span> <span class='ocrx_word' id='word_1_209' title='bbox 461 1169 499 1198; x_wconf 85' lang='lat' dir='ltr'>ad</span> <span class='ocrx_word' id='word_1_210' title='bbox 515 1168 615 1198; x_wconf 87' lang='lat' dir='ltr'>omnia</span> <span class='ocrx_word' id='word_1_211' title='bbox 630 1169 755 1203; x_wconf 74' lang='lat' dir='ltr'>anImal,</span> <span class='ocrx_word' id='word_1_212' title='bbox 782 1169 838 1197; x_wconf 89' lang='lat' dir='ltr'>sed</span> <span class='ocrx_word' id='word_1_213' title='bbox 855 1168 937 1198; x_wconf 81' lang='lat' dir='ltr'>viros</span> <span class='ocrx_word' id='word_1_214' title='bbox 954 1177 1077 1206; x_wconf 89' lang='lat' dir='ltr'>quoque</span> 
     </span>
     <span class='ocr_line' id='line_1_27' title="bbox 50 1210 1077 1247; baseline 0 -7"><span class='ocrx_word' id='word_1_215' title='bbox 50 1210 276 1247; x_wconf 76' lang='lat' dir='ltr'>2-Iordinesque</span> <span class='ocrx_word' id='word_1_216' title='bbox 298 1211 477 1240; x_wconf 84' lang='lat' dir='ltr'>turbaverat.</span> <span class='ocrx_word' id='word_1_217' title='bbox 522 1211 582 1239; x_wconf 90' lang='lat' dir='ltr'>Iam</span> <span class='ocrx_word' id='word_1_218' title='bbox 609 1211 698 1247; x_wconf 78' lang='lat' dir='ltr'>fugae</span> <span class='ocrx_word' id='word_1_219' title='bbox 725 1210 1011 1247; x_wconf 82' lang='lat' dir='ltr'>clrcumspiciebant</span> <span class='ocrx_word' id='word_1_220' title='bbox 1034 1211 1077 1240; x_wconf 85' lang='lat' dir='ltr'>Io—</span> 
     </span>
     <span class='ocr_line' id='line_1_28' title="bbox 91 1252 1078 1288; baseline -0.001 -7"><span class='ocrx_word' id='word_1_221' title='bbox 91 1260 159 1281; x_wconf 89' lang='lat' dir='ltr'>cum</span> <span class='ocrx_word' id='word_1_222' title='bbox 184 1253 274 1288; x_wconf 87' lang='lat' dir='ltr'>paulo</span> <span class='ocrx_word' id='word_1_223' title='bbox 299 1256 367 1281; x_wconf 85' lang='lat' dir='ltr'>ante</span> <span class='ocrx_word' id='word_1_224' title='bbox 394 1252 542 1287; x_wconf 88' lang='lat' dir='ltr'>victores,</span> <span class='ocrx_word' id='word_1_225' title='bbox 569 1260 661 1288; x_wconf 91' lang='lat' dir='ltr'>quum</span> <span class='ocrx_word' id='word_1_226' title='bbox 683 1252 859 1281; x_wconf 78' lang='lat' dir='ltr'>Alexander</span> <span class='ocrx_word' id='word_1_227' title='bbox 878 1252 1030 1288; x_wconf 68' lang='lat' dir='ltr'>Agrianos</span> <span class='ocrx_word' id='word_1_228' title='bbox 1048 1256 1078 1281; x_wconf 87' lang='lat' dir='ltr'>et</span> 
     </span>
     <span class='ocr_line' id='line_1_29' title="bbox 32 1293 1077 1330; baseline 0 -8"><span class='ocrx_word' id='word_1_229' title='bbox 32 1311 39 1314; x_wconf 88' lang='lat'><em>-</em></span> <span class='ocrx_word' id='word_1_230' title='bbox 90 1293 223 1322; x_wconf 81' lang='lat' dir='ltr'>Thracas</span> <span class='ocrx_word' id='word_1_231' title='bbox 245 1293 350 1323; x_wconf 85' lang='lat' dir='ltr'>leviter</span> <span class='ocrx_word' id='word_1_232' title='bbox 371 1298 517 1326; x_wconf 78' lang='lat' dir='ltr'>armatOS,</span> <span class='ocrx_word' id='word_1_233' title='bbox 544 1293 698 1322; x_wconf 86' lang='lat' dir='ltr'>meliorem</span> <span class='ocrx_word' id='word_1_234' title='bbox 725 1293 960 1323; x_wconf 80' lang='lat' dir='ltr'>concursatione</span> <span class='ocrx_word' id='word_1_235' title='bbox 987 1301 1077 1330; x_wconf 90' lang='lat' dir='ltr'>quam</span> 
     </span>
     <span class='ocr_line' id='line_1_30' title="bbox 50 1334 1076 1371; baseline -0.002 -6"><span class='ocrx_word' id='word_1_236' title='bbox 50 1340 82 1365; x_wconf 77' lang='lat'>25</span> <span class='ocrx_word' id='word_1_237' title='bbox 92 1335 259 1364; x_wconf 83' lang='lat' dir='ltr'>comminus</span> <span class='ocrx_word' id='word_1_238' title='bbox 274 1334 405 1369; x_wconf 88' lang='lat' dir='ltr'>militem,</span> <span class='ocrx_word' id='word_1_239' title='bbox 422 1334 520 1364; x_wconf 87' lang='lat' dir='ltr'>emisit</span> <span class='ocrx_word' id='word_1_240' title='bbox 534 1334 563 1363; x_wconf 93' lang='lat' dir='ltr'>in</span> <span class='ocrx_word' id='word_1_241' title='bbox 579 1335 695 1364; x_wconf 78' lang='lat' dir='ltr'>beluas¹</span> <span class='ocrx_word' id='word_1_242' title='bbox 739 1335 895 1371; x_wconf 85' lang='lat' dir='ltr'>Ingentem</span> <span class='ocrx_word' id='word_1_243' title='bbox 912 1335 942 1364; x_wconf 90' lang='lat' dir='ltr'>hi</span> <span class='ocrx_word' id='word_1_244' title='bbox 960 1334 1019 1363; x_wconf 89' lang='lat' dir='ltr'>vim</span> <span class='ocrx_word' id='word_1_245' title='bbox 1034 1339 1076 1364; x_wconf 86' lang='lat' dir='ltr'>te-</span> 
     </span>
     <span class='ocr_line' id='line_1_31' title="bbox 91 1375 1078 1413; baseline -0.001 -8"><span class='ocrx_word' id='word_1_246' title='bbox 91 1377 187 1405; x_wconf 89' lang='lat' dir='ltr'>lorum</span> <span class='ocrx_word' id='word_1_247' title='bbox 207 1375 337 1405; x_wconf 86' lang='lat' dir='ltr'>iniecere</span> <span class='ocrx_word' id='word_1_248' title='bbox 358 1381 387 1405; x_wconf 87' lang='lat' dir='ltr'>et</span> <span class='ocrx_word' id='word_1_249' title='bbox 408 1375 575 1413; x_wconf 84' lang='lat' dir='ltr'>elephantis</span> <span class='ocrx_word' id='word_1_250' title='bbox 598 1381 626 1405; x_wconf 89' lang='lat' dir='ltr'>et</span> <span class='ocrx_word' id='word_1_251' title='bbox 647 1375 822 1412; x_wconf 84' lang='lat' dir='ltr'>regentibus</span> <span class='ocrx_word' id='word_1_252' title='bbox 837 1384 902 1405; x_wconf 88' lang='lat' dir='ltr'>eos.</span> <span class='ocrx_word' id='word_1_253' title='bbox 944 1376 1078 1405; x_wconf 80' lang='lat' dir='ltr'>Phalanx</span> 
     </span>
     <span class='ocr_line' id='line_1_32' title="bbox 50 1417 1076 1454; baseline -0.002 -6"><span class='ocrx_word' id='word_1_254' title='bbox 50 1422 214 1454; x_wconf 84' lang='lat' dir='ltr'>26quoque</span> <span class='ocrx_word' id='word_1_255' title='bbox 240 1417 354 1447; x_wconf 86' lang='lat' dir='ltr'>instare</span> <span class='ocrx_word' id='word_1_256' title='bbox 376 1421 550 1447; x_wconf 82' lang='lat' dir='ltr'>constanter</span> <span class='ocrx_word' id='word_1_257' title='bbox 574 1417 684 1446; x_wconf 84' lang='lat' dir='ltr'>territiS</span> <span class='ocrx_word' id='word_1_258' title='bbox 710 1417 820 1453; x_wconf 82' lang='lat' dir='ltr'>coepit.</span> <span class='ocrx_word' id='word_1_259' title='bbox 866 1417 927 1447; x_wconf 86' lang='lat' dir='ltr'>Sed</span> <span class='ocrx_word' id='word_1_260' title='bbox 954 1417 1076 1454; x_wconf 82' lang='lat' dir='ltr'>quIdam</span> 
     </span>
     <span class='ocr_line' id='line_1_33' title="bbox 92 1458 1072 1495; baseline 0.002 -9"><span class='ocrx_word' id='word_1_261' title='bbox 92 1458 212 1488; x_wconf 85' lang='lat' dir='ltr'>avidius</span> <span class='ocrx_word' id='word_1_262' title='bbox 229 1458 379 1495; x_wconf 84' lang='lat' dir='ltr'>persecuti</span> <span class='ocrx_word' id='word_1_263' title='bbox 401 1459 507 1488; x_wconf 85' lang='lat' dir='ltr'>beluas</span> <span class='ocrx_word' id='word_1_264' title='bbox 532 1458 561 1487; x_wconf 93' lang='lat' dir='ltr'>in</span> <span class='ocrx_word' id='word_1_265' title='bbox 589 1463 684 1488; x_wconf 86' lang='lat' dir='ltr'>semet</span> <span class='ocrx_word' id='word_1_266' title='bbox 708 1458 864 1488; x_wconf 80' lang='lat' dir='ltr'>irritavere</span> <span class='ocrx_word' id='word_1_267' title='bbox 889 1459 1072 1488; x_wconf 84' lang='lat' dir='ltr'>vulneribus.</span> 
     </span>
     <span class='ocr_line' id='line_1_34' title="bbox 95 1499 1074 1536; baseline 0 -8"><span class='ocrx_word' id='word_1_268' title='bbox 95 1499 197 1529; x_wconf 88' lang='lat' dir='ltr'>Obtriti</span> <span class='ocrx_word' id='word_1_269' title='bbox 214 1508 286 1536; x_wconf 83' lang='lat' dir='ltr'>ergo</span> <span class='ocrx_word' id='word_1_270' title='bbox 303 1500 432 1536; x_wconf 86' lang='lat' dir='ltr'>pedibus</span> <span class='ocrx_word' id='word_1_271' title='bbox 447 1508 550 1529; x_wconf 81' lang='lat' dir='ltr'>earum</span> <span class='ocrx_word' id='word_1_272' title='bbox 572 1500 696 1534; x_wconf 84' lang='lat' dir='ltr'>ceteris,</span> <span class='ocrx_word' id='word_1_273' title='bbox 722 1504 755 1529; x_wconf 90' lang='lat' dir='ltr'>ut</span> <span class='ocrx_word' id='word_1_274' title='bbox 777 1500 899 1536; x_wconf 88' lang='lat' dir='ltr'>parcius</span> <span class='ocrx_word' id='word_1_275' title='bbox 921 1500 1074 1536; x_wconf 76' lang='lat' dir='ltr'>instarent,</span> 
     </span>
     <span class='ocr_line' id='line_1_35' title="bbox 51 1541 1077 1577; baseline -0.001 -5"><span class='ocrx_word' id='word_1_276' title='bbox 51 1543 176 1573; x_wconf 79' lang='lat' dir='ltr'>27suere</span> <span class='ocrx_word' id='word_1_277' title='bbox 203 1541 425 1571; x_wconf 88' lang='lat' dir='ltr'>documentum.</span> <span class='ocrx_word' id='word_1_278' title='bbox 467 1541 632 1577; x_wconf 83' lang='lat' dir='ltr'>Praecipue</span> <span class='ocrx_word' id='word_1_279' title='bbox 653 1541 794 1570; x_wconf 88' lang='lat' dir='ltr'>terribilis</span> <span class='ocrx_word' id='word_1_280' title='bbox 816 1541 867 1570; x_wconf 89' lang='lat' dir='ltr'>illa</span> <span class='ocrx_word' id='word_1_281' title='bbox 888 1541 982 1571; x_wconf 80' lang='lat' dir='ltr'>facies</span> <span class='ocrx_word' id='word_1_282' title='bbox 1005 1546 1077 1577; x_wconf 84' lang='lat' dir='ltr'>erat,</span> 
     </span>
     <span class='ocr_line' id='line_1_36' title="bbox 94 1582 1077 1621; baseline -0.001 -8"><span class='ocrx_word' id='word_1_283' title='bbox 94 1591 188 1621; x_wconf 86' lang='lat' dir='ltr'>quum</span> <span class='ocrx_word' id='word_1_284' title='bbox 203 1591 292 1612; x_wconf 82' lang='lat' dir='ltr'>manu</span> <span class='ocrx_word' id='word_1_285' title='bbox 308 1591 389 1612; x_wconf 78' lang='lat' dir='ltr'>arma</span> <span class='ocrx_word' id='word_1_286' title='bbox 403 1583 549 1619; x_wconf 87' lang='lat' dir='ltr'>virosque</span> <span class='ocrx_word' id='word_1_287' title='bbox 565 1582 752 1619; x_wconf 87' lang='lat' dir='ltr'>corriperent</span> <span class='ocrx_word' id='word_1_288' title='bbox 767 1587 797 1612; x_wconf 89' lang='lat' dir='ltr'>et</span> <span class='ocrx_word' id='word_1_289' title='bbox 812 1591 907 1619; x_wconf 87' lang='lat' dir='ltr'>super</span> <span class='ocrx_word' id='word_1_290' title='bbox 921 1591 955 1613; x_wconf 89' lang='lat' dir='ltr'>se</span> <span class='ocrx_word' id='word_1_291' title='bbox 971 1592 1077 1620; x_wconf 78' lang='lat' dir='ltr'>regen-</span> 
     </span>
    </p>
   </div>
   <div class='ocr_carea' id='block_1_5' title="bbox 0 1625 1077 1663">
    <p class='ocr_par' dir='ltr' id='par_1_5' title="bbox 0 1625 1077 1663">
     <span class='ocr_line' id='line_1_37' title="bbox 0 1625 1077 1663; baseline -0.002 -7"><span class='ocrx_word' id='word_1_292' title='bbox 0 1660 2 1663; x_wconf 30' lang='lat'>·</span> <span class='ocrx_word' id='word_1_293' title='bbox 53 1625 173 1656; x_wconf 63' lang='lat' dir='ltr'>astibus</span> <span class='ocrx_word' id='word_1_294' title='bbox 198 1625 359 1654; x_wconf 85' lang='lat' dir='ltr'>traderent.</span> <span class='ocrx_word' id='word_1_295' title='bbox 404 1625 526 1661; x_wconf 80' lang='lat' dir='ltr'>Anceps</span> <span class='ocrx_word' id='word_1_296' title='bbox 547 1631 619 1660; x_wconf 84' lang='lat' dir='ltr'>ergo</span> <span class='ocrx_word' id='word_1_297' title='bbox 641 1632 743 1660; x_wconf 82' lang='lat' dir='ltr'>pugna</span> <span class='ocrx_word' id='word_1_298' title='bbox 770 1632 849 1653; x_wconf 89' lang='lat' dir='ltr'>nunc</span> <span class='ocrx_word' id='word_1_299' title='bbox 876 1626 1077 1661; x_wconf 86' lang='lat' dir='ltr'>sequentium,</span> 
     </span>
    </p>
   </div>
   <div class='ocr_carea' id='block_1_6' title="bbox 0 101 36 1905">
    <p class='ocr_par' dir='ltr' id='par_1_6' title="bbox 0 101 36 1905">
     <span class='ocr_line' id='line_1_38' title="bbox 0 101 36 1905; baseline 0 0"><span class='ocrx_word' id='word_1_300' title='bbox 0 101 36 1905; x_wconf 95' lang='lat' dir='ltr'> </span> 
     </span>
    </p>
   </div>
   <div class='ocr_carea' id='block_1_7' title="bbox 94 1665 1078 1744">
    <p class='ocr_par' dir='ltr' id='par_1_7' title="bbox 94 1665 1078 1744">
     <span class='ocr_line' id='line_1_39' title="bbox 95 1665 1077 1703; baseline 0 -7"><span class='ocrx_word' id='word_1_301' title='bbox 95 1674 175 1696; x_wconf 89' lang='lat' dir='ltr'>nunc</span> <span class='ocrx_word' id='word_1_302' title='bbox 190 1666 365 1703; x_wconf 82' lang='lat' dir='ltr'>rugientium</span> <span class='ocrx_word' id='word_1_303' title='bbox 381 1666 559 1703; x_wconf 86' lang='lat' dir='ltr'>elephantos</span> <span class='ocrx_word' id='word_1_304' title='bbox 580 1665 608 1693; x_wconf 93' lang='lat' dir='ltr'>in</span> <span class='ocrx_word' id='word_1_305' title='bbox 632 1666 755 1694; x_wconf 89' lang='lat' dir='ltr'>multum</span> <span class='ocrx_word' id='word_1_306' title='bbox 768 1665 827 1694; x_wconf 86' lang='lat' dir='ltr'>diei</span> <span class='ocrx_word' id='word_1_307' title='bbox 844 1666 960 1696; x_wconf 86' lang='lat' dir='ltr'>varium</span> <span class='ocrx_word' id='word_1_308' title='bbox 981 1672 1077 1696; x_wconf 82' lang='lat' dir='ltr'>certa-</span> 
     </span>
     <span class='ocr_line' id='line_1_40' title="bbox 94 1706 1078 1744; baseline 0 -7"><span class='ocrx_word' id='word_1_309' title='bbox 94 1717 162 1737; x_wconf 90' lang='lat' dir='ltr'>men</span> <span class='ocrx_word' id='word_1_310' title='bbox 178 1707 321 1737; x_wconf 80' lang='lat' dir='ltr'>extraxit=</span> <span class='ocrx_word' id='word_1_311' title='bbox 348 1708 445 1737; x_wconf 89' lang='lat' dir='ltr'>donec</span> <span class='ocrx_word' id='word_1_312' title='bbox 468 1706 626 1736; x_wconf 86' lang='lat' dir='ltr'>securibus</span> <span class='ocrx_word' id='word_1_313' title='bbox 649 1706 692 1741; x_wconf 92' lang='lat' dir='ltr'>(id</span> <span class='ocrx_word' id='word_1_314' title='bbox 714 1715 845 1743; x_wconf 83' lang='lat' dir='ltr'>namque</span> <span class='ocrx_word' id='word_1_315' title='bbox 862 1716 958 1744; x_wconf 83' lang='lat' dir='ltr'>genus</span> <span class='ocrx_word' id='word_1_316' title='bbox 974 1708 1078 1738; x_wconf 84' lang='lat' dir='ltr'>auxilii</span> 
     </span>
    </p>
   </div>
   <div class='ocr_carea' id='block_1_8' title="bbox 814 1747 876 1779">
    <p class='ocr_par' dir='ltr' id='par_1_8' title="bbox 814 1747 876 1779">
     <span class='ocr_line' id='line_1_41' title="bbox 814 1747 876 1779; baseline -0.016 0"><span class='ocrx_word' id='word_1_317' title='bbox 814 1747 876 1779; x_wconf 72' lang='lat'>14*</span> 
     </span>
    </p>
   </div>
  </div>
 </body>
</html>
