1215 1895
269 60 340 90 [ΑΒ.
359 61 406 89 lll.
430 59 512 89 CAP.
527 60 604 96 xlll,
617 63 722 90 3—17.
742 62 788 88 tm,
807 62 891 83 ³³-35-
911 61 949 87 z-]
1083 58 1123 89 27

131 136 277 174 stirpibus
304 137 450 171 lacerata,
477 135 536 166 alia
557 135 586 164 in
609 144 738 165 coenum
761 137 899 166 demersa
923 135 1120 165 eruebantur.

130 186 190 208 non
207 178 401 209 sufficiebant
415 177 627 215 praedantium
642 186 749 207 manus
766 178 909 214 praedae.

90 225 122 250 12
210 220 276 257 (35)
296 221 420 257 Iamque
433 219 522 249 etiam
534 219 574 248 ad
587 227 651 254 eos,
669 219 720 256 qui
735 219 821 256 primi
835 220 983 256 fugerant,
1000 224 1122 249 ventum

128 268 207 292 erat:
235 262 365 292 feminae
385 262 551 298 pleraeque
575 268 687 298 parvos
716 261 869 290 trahentes
894 261 1006 291 liberos
1029 261 1121 291 ibant.

131 304 213 333 Inter
229 313 307 341 quas
323 304 406 333 suere
422 306 483 332 tres
501 302 649 339 virgines,
666 302 756 337 Ochi,
776 303 828 339 qui
844 307 913 332 ante
929 304 1059 332 Dareum
1075 311 1120 333 re-

129 350 289 382 gnaverat,
315 344 410 379 filiae,
439 344 509 373 olim
533 344 656 380 quidem
677 352 717 373 ex
739 344 860 381 fastigio
877 350 1004 381 paterno
1021 354 1121 374 reruni

128 387 293 417 mutatione
309 387 478 419 detractae,
501 387 555 415 sed
573 390 633 415 tum
650 391 762 415 sortem
779 394 882 415 earum
898 386 1052 416 crudelius
1069 395 1120 422 ag-

88 433 273 466 13gravante
289 429 417 458 fortuna.
460 428 492 456 In
509 428 617 457 eodem
632 436 724 464 grege
747 436 825 457 uxor
841 437 966 465 quoquc
983 428 1120 458 eiusdem

127 470 201 500 Ochi
224 470 278 500 fuit
299 469 503 506 OxathriSque
526 470 632 504 (frater
653 469 702 499 hic
718 474 782 499 erat
796 470 900 505 Darei)
922 470 983 499 fitia
1003 475 1033 499 et
1048 479 1120 499 con-

126 512 198 542 iunx
213 511 364 545 Artabazi,
381 511 528 548 principis
546 516 796 548 purpuratorum,
814 515 864 547 [et]
880 511 970 543 filius,
988 512 1036 541 cui
1052 511 1120 541 1110—

89 554 184 584 Hne'o
201 554 255 583 fuit
271 561 391 583 nomen.
434 552 621 582 Pharnabzizi
637 562 777 590 quoque,
794 553 842 582 cui
858 561 1008 582 summum
1024 553 1120 590 impe-

127 596 205 625 rium
219 595 386 624 maritimae
402 603 474 624 orae
490 603 544 624 rex
560 595 702 629 dederat,
727 604 804 624 uxor
826 603 894 624 cum
911 595 972 624 filio
989 600 1117 632 excepta

127 642 182 672 est,
194 637 339 667 Mentoris
352 636 432 666 filiae
446 640 506 665 tres
520 644 555 665 ac
569 636 750 666 nobilissimi
763 637 850 666 ducis
862 637 1033 667 Memnonis
1047 645 1118 667 con-

128 679 201 708 iunx
217 683 247 708 et
262 678 357 708 filius:
374 695 411 700 --
428 678 543 715 vixque
559 678 619 707 ulla
635 678 744 708 domus
761 679 919 715 purpurati
935 687 1050 716 expers
1066 679 1120 708 suit

87 725 226 751 15tantae
242 720 354 750 cladis:
376 737 418 741 —
437 719 674 749 Lacedaemonii
697 723 846 757 [quoque]
868 725 898 750 et
913 720 1130 752 Athenienses,

127 762 283 792 societatis
299 762 360 791 fide
375 762 487 791 violata
502 761 611 791 Persas
629 762 742 791 secuti:
758 762 949 798 Aristogiton
965 767 995 792 et
1009 762 1118 799 Dropi—

125 805 180 834 des
196 809 226 834 et
241 804 417 841 Iphicrates,
434 803 512 832 inter
524 803 730 833 Athenienses
743 812 856 840 genere
869 805 1011 840 famaque
1029 805 1118 840 longe

126 846 301 876 clarissimi:
313 845 548 875 Lacedaemonii
557 845 728 882 Pausippus
743 850 772 875 et
785 845 1036 875 Onomastorides
1051 854 1118 875 cum

86 887 256 918 lfiMoni‘mo
273 892 303 918 et
319 887 518 922 Callicratide,
535 887 565 916 hi
583 895 708 924 quoque
723 888 806 916 domi
826 887 954 917 nobiles.
995 888 1118 917 Summa

125 930 273 966 pecuniae
286 929 423 966 signatae
435 929 489 958 fuit
503 930 646 958 talentum
660 929 720 958 duo
733 929 815 958 milia
830 934 859 958 et
874 934 1030 965 sexcenta,
1048 929 1117 958 facti

125 971 240 1008 argenti
257 971 378 1008 pondus
393 971 558 1008 quingenta
574 971 736 1007 aequabat.
757 971 918 1000 Praeterea
932 971 1051 1008 triginta
1063 971 1117 1000 mi-

125 1013 164 1042 lia
179 1013 334 1043 hominum
350 1021 418 1042 cum
432 1018 549 1049 septem
563 1012 683 1041 milibus
700 1012 903 1042 iumentorum
917 1014 1010 1042 dorso
1024 1021 1118 1042 onera

84 1058 116 1086 17
127 1055 310 1091 portantium
326 1058 415 1091 capta
431 1059 509 1083 sunt.
531 1054 670 1083 Ceterum
686 1054 725 1083 dii
743 1058 842 1083 tantae
859 1055 998 1084 fortunae
1015 1054 1117 1092 prodi<

125 1101 236 1131 torem,
259 1095 320 1125 seri
336 1096 460 1130 ultores,
477 1095 616 1124 celeriter
631 1095 733 1124 debita
749 1104 851 1132 poena
867 1096 1021 1132 persecuti
1037 1101 1117 1126 sunt.

122 1137 258 1174 Namque
275 1145 354 1166 unus
371 1145 388 1166 e
404 1137 538 1166 consciis
555 1137 630 1172 eius,
649 1138 750 1171 credo,
767 1138 849 1174 regis
866 1137 964 1167 vicem
981 1137 1071 1167 etiam
1086 1138 1116 1166 in

124 1179 174 1208 illa
190 1183 271 1209 sorte
287 1178 446 1214 reveritus,
462 1178 613 1208 interfecti
643 1179 807 1215 proditoris
824 1184 916 1216 caput
931 1180 970 1208 ad
985 1180 1116 1209 Dareum

125 1220 204 1256 tulit,
227 1224 433 1257 opportunum
449 1220 589 1249 solatium
605 1220 743 1256 prodito:
772 1220 887 1258 quippe
909 1227 938 1251 et
958 1222 1039 1251 ultus
1060 1221 1115 1250 ini-

124 1262 233 1291 micum
249 1265 313 1291 erat
328 1265 357 1291 et
372 1262 507 1291 nondum
529 1261 558 1291 in
575 1262 708 1291 omnium
730 1261 838 1291 animis
860 1263 1035 1292 memoriam
1053 1272 1115 1293 ma-

122 1303 237 1333 iestatis
254 1311 327 1333 suae
344 1303 520 1332 exolevisse
538 1304 690 1333 cernebat.

471 1445 635 1474 LIBER
674 1445 721 1476 lV.

441 1534 753 1561 ARGUMENTUM.

124 1591 141 1615 1.
159 1590 302 1616 Alexander
311 1592 400 1615 litteris
411 1599 425 1615 a
433 1593 515 1617 Dareo
522 1593 628 1624 superbe
639 1593 739 1623 scriptis
750 1593 818 1624 regie
830 1593 972 1624 respondet.
1000 1593 1112 1617 Abdalo-

157 1632 256 1657 nymum
273 1624 385 1650 Sidoniis
395 1634 479 1658 regem
492 1627 614 1657 praeficit.
649 1629 770 1658 Amyntas
788 1627 919 1658 transfuga
932 1628 995 1651 miro
1006 1628 1082 1652 modo
1098 1636 1111 1652 a

156 1659 238 1683 Persis
250 1660 311 1691 ipsis
322 1661 450 1685 occiditur.
479 1661 571 1685 Variae
581 1662 658 1685 variis
669 1661 728 1685 locis
738 1661 922 1693 praefectorum
933 1661 1007 1686 Darei
1018 1662 1111 1687 clades.

155 1693 186 1717 Π.
205 1694 283 1726 Tyrus
292 1695 361 1725 urbs,
372 1694 460 1719 incolis
471 1695 643 1720 Alexandrum
655 1696 765 1727 recipere
778 1696 960 1726 recusantibus,
972 1697 1110 1722 obsidetur.
