1215 1905
163 111 233 140 [AB.
248 111 312 139 vll.
331 110 410 139 CAP.
425 110 444 145 1,
459 108 633 140 ,sc—CM).
651 109 685 145 ll,
703 112 742 138 14.
759 118 815 146 svn,
833 120 888 140 5-7.
912 118 949 144 zl
1014 108 1074 138 145

80 185 200 224 equites
217 185 374 216 tormentis
389 184 522 215 Philotae
538 184 736 214 conturbatos
758 184 876 214 alienus
893 189 989 214 terror
1004 183 1075 213 abs-

83 228 205 258 tulerat:
233 228 386 257 desertum
408 235 477 256 eum
499 235 517 256 a
539 226 700 256 comitibus
724 231 754 256 et
775 226 975 256 haesitantem
997 225 1076 254 intei-

81 269 254 299 revertendi
271 268 470 306 fugiendique
488 267 665 301 consilium,
684 267 736 304 qui
752 269 849 298 secuti
864 271 964 302 erant,
982 275 1074 297 occu-

51 315 68 341 5
81 315 237 349 paverunt.
281 311 309 340 ls
332 315 393 340 tum
415 309 490 340 flere
513 309 615 346 eoepit
636 314 666 339 et
681 317 716 338 os
734 318 823 340 suum
840 309 1072 344 converberare‚

82 357 215 382 maestus
233 360 292 382 non
309 360 396 382 suam
419 351 530 387 vicem,
558 351 614 381 sed
636 355 763 388 propter
784 352 884 389 ipsum
902 351 1074 388 periclitan-

53 398 69 424 6
82 394 154 424 tium
169 394 301 424 fratrum.
323 394 522 430 Moveratque
538 393 595 422 iam
608 401 710 430 regem
725 402 859 430 quoquc,
877 402 937 423 non
951 393 1073 422 concio-

82 444 150 466 nem
165 436 272 472 modo‚
288 436 343 466 sed
361 444 438 465 unus
455 439 520 465 erat
535 435 736 472 implacabilis
753 436 859 470 frater,
881 436 933 473 qui
949 435 1073 465 terribili

80 479 165 507 vultu
181 477 301 508 intuens
317 486 401 513 eum,
428 477 514 511 Tum,
532 477 581 512 ait,
598 477 726 512 demens,
742 479 904 507 lacrimare
919 478 1072 511 debueras,

81 528 168 557 quum
183 528 256 557 equo
270 521 404 550 calcaria
425 520 578 553 subderes,
597 519 732 554 fratrum
747 520 879 549 desertor
896 524 924 549 e!
939 521 1073 548 deserto-

80 570 146 591 rum
160 570 262 591 comes.
291 561 393 597 Miser,
409 569 466 598 quo
480 566 507 591 et
519 561 598 590 unde
609 559 773 597 sumebas?
798 561 940 597 Effecisti,
957 564 989 590 ui
1005 569 1075 590 reus

52 606 67 633 7
79 605 185 640 capitis
192 605 372 633 accusatoris
386 607 482 633 uterer
494 603 595 632 verbis.
612 603 664 632 lile
673 610 822 639 peccasse
831 611 875 637 se,
884 603 940 632 sed
948 602 1072 639 gravius

82 644 110 674 in
128 645 236 674 fratres
249 653 340 682 quam
356 645 386 674 in
402 645 602 681 semetipsum
621 645 777 674 fatebatur.
798 645 871 673 Tum
886 653 957 674 vero
971 652 1072 680 neque

81 686 212 716 lacrimis
229 695 329 723 neque
345 686 630 720 acclamationibus,
659 686 770 723 quibus
786 687 887 716 studia
903 695 959 716 sua
975 686 1072 715 multi-

81 728 154 758 tudo
170 729 343 765 profitetur,
365 732 618 765 temperaverunt.
648 728 716 757 Una
732 737 793 758 vox
805 732 870 757 erat
882 728 946 765 pari
960 727 1074 757 emissa

82 778 246 806 consensu,
262 774 294 800 ut
310 770 480 800 insontibus
497 775 526 799 et
548 769 676 799 sortibus
694 770 766 799 viris
783 774 930 807 parceret.
974 769 1074 798 Amici

82 819 222 848 quoque,
235 812 305 841 data
316 811 544 841 misericordiae
557 811 737 847 occasione,
751 816 940 849 consurgunt
949 811 1072 841 flentes-

53 856 141 890 8que
154 861 256 890 regem
266 853 479 890 deprecantur.
503 854 565 889 lile,
582 852 702 883 silentio
722 854 810 888 facto,
828 854 865 882 Et
878 855 948 890 ipse,
966 853 1070 890 inquit,

83 894 234 932 Amyntam
249 903 314 925 mea
328 895 656 932 senientiafi·atresque
666 897 730 924 eius
741 896 865 924 absolvo.
897 897 951 925 Vos
966 900 1072 929 autem,

80 938 212 973 iuvenes,
239 939 317 966 malo
338 938 470 973 beneficii
489 939 546 966 mei
565 938 708 971 oblivisci,
735 946 822 974 quam
839 939 972 974 periculi
984 939 1075 966 vestri

79 980 250 1008 meminisse.
294 979 406 1009 Eadem
419 980 480 1015 fide
494 980 588 1008 redite
603 980 633 1008 in
645 981 775 1015 qratiam
791 988 917 1015 mecum,
935 987 995 1016 qua
1010 981 1072 1016 ipse

52 1023 68 1050 9
81 1021 222 1050 vobiscum
242 1024 380 1050 revertor.
421 1022 500 1056 Nisi,
521 1030 597 1058 quae
619 1021 718 1050 delata
739 1026 847 1055 essent,
869 1023 1071 1056 excussissem,

81 1062 166 1092 valde
186 1063 379 1092 dissimulatio
399 1071 463 1092 mea
475 1067 610 1099 suspecta
631 1071 692 1092 esse
709 1065 857 1100 potuisset.
901 1063 962 1092 Sed
981 1064 1071 1092 satius

79 1107 130 1139 est,
144 1108 286 1140 purqutos
300 1114 376 1139 esse,
393 1113 481 1142 quam
495 1109 651 1141 suspectos.
697 1105 840 1141 Οορίῐατε,
857 1106 1000 1134 neminem
1014 1105 1071 1133 ab-

42 1147 151 1175 losolvi
159 1153 260 1182 posse,
282 1148 340 1175 nisi
352 1148 404 1182 qui
415 1147 525 1176 dixerit
538 1155 668 1176 causam.
713 1147 772 1182 Tu,
792 1147 933 1184 Amynta,
956 1149 1073 1182 iqnosce

77 1187 176 1223 fratri
189 1193 244 1217 tuo.
267 1188 334 1216 Erit
347 1189 402 1218 hoc
412 1190 583 1225 simpliciter
597 1190 683 1218 eliam
699 1189 772 1217 milei
785 1190 970 1218 reconciliari
980 1189 1072 1217 animi

80 1230 124 1258 tui
132 1231 253 1266 planus.

42 1275 70 1300 ιι
152 1270 199 1306 (7)
222 1271 375 1300 Concione
391 1271 503 1301 deinde
519 1271 655 1307 dimissa,
671 1271 891 1309 Polydamanta
908 1271 1011 1301 vocari
1028 1272 1069 1300 iu-

80 1312 139 1342 bet.
162 1312 265 1349 Longe
278 1312 510 1349 acceptissimus
523 1313 711 1342 Parmenioni
724 1318 796 1349 erat,
814 1314 972 1350 proximus
985 1314 1070 1343 lateri

39 1353 108 1383 nin
123 1354 189 1383 acie
206 1359 286 1384 stare
301 1354 419 1384 solitus.
464 1355 501 1384 Et
517 1363 703 1392 quamquam
725 1355 914 1385 conscientia
930 1356 1025 1385 fretus
1041 1355 1070 1384 in

81 1395 194 1432 regiam
211 1400 344 1431 venerat,
360 1400 469 1433 tamen,
486 1401 517 1427 ut
528 1397 632 1427 iussus
645 1401 692 1427 est
705 1397 813 1427 fratres
826 1405 901 1427 suos
914 1397 1069 1432 exhibere,

80 1437 244 1467 admodum
259 1438 386 1468 iuvenes
402 1443 432 1467 et
451 1439 515 1475 regi
534 1438 655 1475 ignotos
678 1440 717 1468 ob
740 1444 885 1475 aetatem,
912 1438 1025 1468 fiducia
1040 1439 1071 1468 in

81 1477 316 1508 sollicitudinem
331 1487 437 1515 versa,
459 1481 610 1517 trepidare
627 1481 744 1517 coepit,
760 1481 902 1518 saepius,
920 1489 1000 1517 quae
1017 1489 1071 1510 no—

41 1523 71 1550 13
79 1527 149 1549 cere
165 1525 301 1556 possent,
319 1529 409 1557 quam
425 1521 536 1558 quibus
549 1522 752 1558 eluderentur,
767 1527 924 1559 reputans.
946 1523 1008 1552 Iam
1023 1531 1069 1551 ar-

80 1560 200 1598 migeri,
223 1562 334 1599 quibus
351 1562 531 1600 imperatum
550 1568 627 1600 erat,
649 1564 859 1601 produxerant
879 1572 951 1600 eos,
976 1573 1069 1601 quum

78 1611 266 1640 exsanguem
290 1608 371 1634 metu
396 1604 615 1643 Polydamanta
641 1606 768 1642 propius
794 1607 943 1636 accedere
969 1606 1068 1636 iubet:

80 1645 291 1682 submotisque
307 1646 464 1683 omnIbus‚
480 1647 610 1682 Scelere,
627 1647 736 1684 inquit,
753 1648 956 1678 Parmenionis
970 1657 1068 1678 omnes

74 1688 193 1723 pariter
213 1690 339 1725 appetiti
357 1697 472 1724 sumus,
495 1691 623 1719 maxime
644 1698 697 1725 eqo
717 1698 754 1719 ac
767 1694 812 1725 lu,
834 1698 905 1727 quos
920 1692 1069 1720 amiciciae

41 1730 173 1765 nspecie
187 1729 308 1765 fefellit.
351 1730 398 1759 Aa
417 1739 501 1767 quem
518 1732 752 1769 persequendum
770 1733 1012 1769 puniendumque
1026 1749 1068 1754 -—

120 1778 200 1798 cunr.
225 1779 286 1800 avr.
822 1773 859 1802 10
