1210 1895
452 87 684 112 PRAEFATIO.
1067 95 1082 109 v

119 156 151 181 Ut
170 156 253 188 primo
271 157 356 180 statim
371 156 459 180 obtutu
475 155 609 180 lectoribus
623 159 744 188 patescat.
759 163 823 187 quae
837 155 864 180 in
880 156 1009 180 codicibus
1025 157 1084 184 sint.

52 197 117 221 quae
135 197 185 215 non
208 191 267 219 sint,
288 197 452 221 quaecunque
471 190 510 214 vel
530 198 544 214 n
564 198 602 214 uie
624 190 662 214 vel
683 191 713 214 ab
733 190 790 214 aliis
808 190 840 214 nd
858 190 996 221 explendas
1015 189 1084 215 lacu-

52 232 98 249 nes
119 225 268 257 interposita
288 228 354 253 eunt,
375 224 459 250 omnia
478 225 549 248 uncis
570 224 580 257 [
597 223 608 257 ]
629 224 733 248 inclusi:
763 232 826 255 quae
850 225 1019 249 additamenta
1039 225 1083 249 ubi

53 260 175 284 incertum
193 263 246 284 erat
266 267 326 284 uurn
347 259 404 291 ipsa
424 258 503 283 Curtii
522 260 601 284 verba
619 263 851 291 repraesentarent,
881 266 912 282 an
931 259 1081 284 sententium

52 297 147 317 tentum
164 294 332 318 necessariam
347 293 489 321 redderem,
505 293 646 318 minoribus
661 293 800 317 litterarum
816 293 903 317 formis
917 293 1083 318 exscribenda

51 329 152 352 curavi:
197 328 287 359 enique
304 327 475 352 additamenta
495 335 509 352 e
529 328 622 352 Iustino
644 328 670 351 iu
691 327 769 351 Curtii
795 327 886 352 librum
905 328 1024 352 translata
1043 328 1083 352 his

51 362 131 394 signis
151 328 201 396 [ᾖ
221 369 236 386 a
253 362 344 386 ceteris
361 363 472 386 seiunxi.
509 360 623 386 Ceterum
638 367 662 386 et
681 369 803 386 summam
819 369 834 385 a
848 369 888 386 me
903 363 1083 394 interpunctio-

51 397 90 420 nis
105 397 227 420 rationem
241 396 353 421 habitam
373 400 397 420 et
415 396 609 429 diligentissime
631 396 715 421 omnia
735 397 860 428 exscripta
882 397 949 428 typis
968 403 1024 421 esee
1046 396 1082 420 sa-

50 430 97 454 eile
117 430 287 462 intelligentes
306 430 394 455 harum
413 438 496 455 rerum
518 431 614 456 iudices
633 435 781 463 agnoscent.

118 465 159 494 ΠΙ,
178 465 195 490 2
210 464 263 497 (4),
281 464 307 491 6.
327 465 444 497 Hyrcani
459 466 562 498 egregii,
581 469 609 490 ut
623 465 688 490 inter
704 466 762 490 illas
775 469 871 497 gentes,
892 464 1017 498 [equiles,]
1034 473 1083 490 sea:

48 499 114 523 milia
138 500 317 531 expleverant,
342 500 436 524 additis
453 500 573 532 equitibus
590 501 679 524 mille
699 499 741 524 Ta
746 501 848 530 puris.
891 500 976 531 Vulgo
994 500 1082 524 milita-

48 537 106 557 tura
124 541 170 565 pro
186 535 250 558 mille
271 534 387 565 Tapuris.
426 535 501 558 Recte
519 534 622 565 quidem
641 534 772 566 Zumptius
794 534 908 558 codicum
929 534 1082 565 scripturam

47 567 141 592 additis
160 568 282 600 equitibus
307 576 353 601 pro
371 568 474 600 vulgato
499 569 568 600 equis
586 569 695 600 recepit:
723 569 846 593 sententia
864 576 923 592 vero
942 569 1005 594 iem.
1032 568 1082 592 nisi

47 602 122 626 simul
141 603 278 628 mitituwra
296 607 421 632 mutetur,
450 603 608 635 ineptissima
626 608 673 627 est.
720 603 786 632 Quid
804 603 888 627 enim?
918 603 961 627 ubi
980 602 1079 627 tandem

46 637 160 668 gentium
181 641 250 662 extat
275 638 414 666 exercitus,
447 638 519 661 cuins
543 637 650 666 milites,
671 644 721 662 non
739 637 832 662 additis
852 637 994 668 equitibus,
1015 637 1082 662 mili-

46 672 118 695 tent?
159 671 247 696 Nonne
272 673 348 696 etiem
371 672 397 695 iu
416 672 490 696 Darei
513 673 625 696 exercitu
648 672 747 700 Persis,
766 671 860 700 Medis,
880 672 1014 700 Bercanis,
1034 673 1081 696 Ar-

47 706 137 730 meniis
155 706 297 738 peditibus,
316 713 379 737 quos
398 706 473 730 modo
492 706 629 730 nominavit
649 705 758 735 eunius,
778 707 875 737 equites
894 707 973 731 additi
991 707 1081 730 erent?

47 739 178 771 Siquidem
194 740 272 772 igitur
286 740 393 772 Hyrcani
409 740 508 771 pedites
523 744 601 771 erent,
615 741 707 772 potius,
729 744 790 771 quot
807 741 888 765 additi
908 746 992 765 essent
1009 741 1080 771 equi-

45 779 96 804 tes,
125 782 199 806 quem
221 774 302 799 fuisse
325 774 427 798 additos
450 774 547 799 tradere
572 775 678 807 scriptor
699 775 813 799 debebat.
859 775 886 798 Si
906 782 979 803 vero,
1007 779 1034 798 ut
1052 775 1076 799 Z.

45 809 138 837 statuit,
156 809 220 834 illud
242 808 385 834 certaminis
405 816 486 840 genus
505 810 648 841 siguificare
665 809 787 833 voluisset
809 808 919 838 Curtius,
937 816 987 840 quo
1006 809 1078 841 pcdi-

46 848 82 868 tes
101 843 166 868 inter
189 844 286 875 equites
305 843 484 872 versabantur,
505 844 611 868 debebat
629 843 711 868 dicere
734 844 850 868 ίηιηιίωιίε
871 843 993 875 equitibus
1013 844 1078 867 dimi-

44 881 133 902 cutura
156 882 231 909 atque
256 878 332 902 etium
354 885 485 902 numerum
504 879 616 908 equitum
640 878 774 902 ascribere.
818 878 914 902 Deinde
942 878 1003 909 quid
1031 878 1080 902 sibi

43 913 96 937 vult
114 912 226 937 futurum
253 912 316 937 illud
334 913 481 940 militatura,
507 920 583 943 quum
608 912 658 936 iam
685 913 710 936 in
732 913 844 937 exercitu
871 917 954 937 essent
972 913 1079 945 Hyrcani

44 951 67 970 et
93 945 244 971 militarent?
279 946 375 979 Scripsi
399 947 478 980 igitur
502 948 566 972 mille
592 946 710 978 Tapuris.
747 947 800 976 Qun
820 950 919 979 recepta
937 947 1080 971 coniectura

43 985 100 1012 posi
123 984 210 1014 gentes
234 981 309 1006 simul
338 989 442 1006 necesse
466 986 519 1005 erut
542 982 652 1006 adiicere
676 983 779 1014 equites.
825 982 854 1004 Et
880 981 997 1013 displicet
1019 988 1079 1005 sane

43 1015 106 1040 illud
129 1017 226 1049 esp-equ*
247 1016 280 1040 ad
298 1016 415 1047 Hyrcani
434 1016 594 1048 appositum,
620 1016 669 1040 nisi
689 1017 859 1041 additamento
877 1016 963 1047 aliquo
982 1016 1079 1047 siguifi-

43 1054 126 1078 cetur,
145 1058 194 1081 qus.
214 1059 240 1074 re
267 1051 374 1083 Hyrcani
394 1050 569 1074 excellueriut.
611 1051 663 1074 Iam
682 1058 741 1075 vero
761 1051 826 1074 iusta
848 1051 982 1075 verborum
1003 1049 1078 1074 collo-

43 1084 108 1108 catio
137 1088 188 1108 est:
216 1084 313 1109 similes
332 1085 398 1108 enim
423 1084 523 1109 dicendi
546 1084 682 1113 formulae,
710 1090 785 1115 etque
808 1083 851 1108 illa
880 1088 907 1109 ut
931 1085 996 1108 inter
1022 1085 1079 1108 illas

40 1122 136 1150 ρειιιεε,
153 1118 218 1142 iuter
236 1119 387 1143 adiectivum
407 1122 429 1141 et
450 1119 635 1143 substantivum
656 1120 717 1150 poni
735 1119 826 1143 solent.
864 1118 906 1146 tx,
924 1119 939 1144 1
961 1118 1013 1149 (3)
1037 1117 1076 1143 14.

43 1153 87 1177 Ad
103 1160 215 1184 magnam
232 1153 336 1183 deinde,
365 1156 392 1177 ut
410 1154 436 1177 in
455 1161 485 1177 ea
503 1154 620 1184 regione,
642 1161 673 1176 ur
674 1153 725 1177 bem
740 1154 861 1184 per-venit.
900 1153 976 1177 Erant
995 1158 1078 1177 autem

43 1192 67 1211 et
89 1186 182 1218 Tapuri
208 1191 232 1211 et
250 1187 357 1219 Hyrcani
382 1194 489 1211 omnes
514 1188 663 1228 effiuites
671 1192 695 1211 et
717 1188 743 1211 in
767 1188 820 1212 acie
850 1188 988 1211 coniuncti.
1033 1189 1077 1210 Ar-

43 1222 106 1245 rien.
126 1221 166 1250 ΙΙΙ,
185 1221 210 1250 8,
230 1220 257 1246 4.
279 1220 465 1252 Παρθυαίους
485 1219 532 1244 καὶ
555 1220 710 1262 Τρκανιους
728 1219 775 1245 καὶ
799 1216 973 1253 Ταπούρους,
995 1217 1078 1248 τοὺς

43 1251 182 1283 πάντας
208 1251 353 1295 ἱππέας,
377 1254 580 1287 Φραταφέρνης
601 1263 677 1288 ηγεν.
720 1257 782 1280 ibid.
804 1257 844 1285 ΙΙΙ,
865 1256 905 1285 ll
924 1256 950 1282 4.
980 1251 1026 1280 ἔπι
1047 1254 1077 1280 δὲ

44 1285 187 1321 Τάπουροι
213 1288 260 1314 ’καὶ
280 1276 430 1322 Τρκοὶνιοι.
475 1290 543 1314 Cust.
572 1291 612 1317 ΙΙΙ
632 1289 648 1315 9
668 1290 739 1322 (23),
759 1291 784 1315 ὁ.
816 1291 934 1322 Hyrcani
957 1291 1077 1321 Medique

42 1325 181 1356 equites.
218 1325 316 1357 Ieepius
334 1325 374 1357 (p.
389 1324 432 1350 57.
436 1325 448 1355 )
464 1325 570 1349 coniecit
589 1325 682 1349 additis
700 1325 820 1357 equitibus
837 1326 910 1349 mille.
942 1325 1039 1356 Ταμωί
1053 1330 1077 1349 et

42 1358 162 1384 Derbices
171 1372 215 1383 -—.
252 1360 279 1384 In
294 1360 398 1384 eandem
411 1367 458 1391 ego
473 1367 572 1390 quoqne
590 1360 727 1384 inciderem
743 1360 919 1385 coniecturam.
940 1360 985 1384 sed
1000 1367 1076 1390 quum

41 1398 177 1424 sequantur
197 1394 274 1419 verba
293 1402 328 1418 esc
345 1395 431 1419 eadem
446 1397 527 1426 gente,
548 1401 612 1425 quae
629 1395 661 1418 ad
681 1394 796 1425 Tapuros
813 1398 837 1419 et
851 1394 973 1419 Derbices
990 1394 1075 1418 referri

41 1432 175 1486 nequeunt,
196 1436 251 1452 eam
272 1429 358 1453 reieci.

108 1455 150 1491 ΠΪ,
170 1463 186 1488 2
205 1462 490 1494 (5),17.mamuetam
507 1467 630 1487 naturam.
660 1462 739 1487 Codd.
751 1463 865 1495 plerique
876 1470 979 1487 suumn.
1009 1462 1074 1487 Flor.

40 1496 67 1520 C.
87 1496 160 1521 Beru.
182 1498 213 1521 A.
233 1498 252 1521 I
254 1498 304 1523 eid.
323 1498 395 1522 etiam
413 1506 438 1521 η.
474 1497 540 1521 Haec
556 1497 691 1522 diversitas
708 1498 765 1522 inde
782 1501 835 1521 orta
850 1502 895 1526 est,
912 1497 980 1528 quod
999 1497 1075 1521 libre-

38 1531 68 1555 rii
86 1539 174 1556 vocem
194 1539 270 1563 prave
290 1538 313 1557 et
332 1539 378 1563 per
397 1531 575 1563 compendium
592 1531 700 1556 fortasse
719 1532 839 1563 scriptam
859 1533 959 1556 diversa
978 1531 1074 1556 ratione

37 1565 194 1597 interpretati
222 1571 290 1591 sunt.
328 1566 453 1597 Equidem
474 1566 539 1590 hanc
564 1573 652 1591 vocem
675 1566 783 1590 arbitror
808 1569 958 1590 mansuetam
984 1566 1072 1590 ruissm

37 1599 109 1624 Prior
127 1600 183 1624 eius
202 1608 271 1632 pare,
291 1605 318 1625 ut
332 1601 482 1632 saepissime
498 1601 523 1623 in
537 1600 577 1624 liis
591 1600 730 1630 codicibus,
750 1601 888 1625 intercidit:
905 1608 938 1625 ex
953 1608 991 1629 en,
1009 1608 1072 1631 quae

37 1634 123 1658 relicta
141 1638 188 1663 est,
209 1639 281 1667 parte
302 1639 396 1660 suetam
415 1634 458 1658 elii
474 1642 552 1666 cuam,
571 1635 613 1659 alii
631 1636 703 1659 etiam
716 1635 836 1660 fecerunt.
880 1634 922 1659 Sic
940 1633 1072 1664 111‚4‹9›,

38 1668 62 1692 l.
84 1669 154 1700 prior
171 1676 231 1701 pers
250 1671 320 1694 vocis
343 1669 452 1694 Ciliciam
472 1670 583 1693 excidit:
603 1677 635 1693 ex
656 1669 751 1700 reliqua
771 1674 841 1702 parte
859 1670 931 1694 iciam
949 1669 973 1693 iu
993 1669 1070 1693 Voss.

39 1703 60 1726 Ι.
83 1703 153 1727 Bern.
175 1703 202 1728 B.
226 1704 291 1728 Flor.
313 1704 331 1728 C·
350 1704 379 1728 H.
403 1704 496 1728 sactum
517 1710 555 1727 est
573 1704 654 1729 etiam.
