1215 1895
112 85 152 116 26
445 83 478 119 Q.
499 83 655 113 CURTII
676 84 784 114 RUFI

111 159 240 190 remittit.
281 160 333 188 llle
355 167 371 187 e
388 158 526 187 manibus
542 158 776 188 custodientium
791 160 896 197 lapsus
915 162 1098 191 Damascum

111 206 180 231 ante
197 202 293 230 lucem
309 200 406 228 intrat.
428 200 614 229 Turbaverat
628 208 665 229 ea
679 209 729 229 res
743 200 949 231 Parmenionis
964 203 1096 233 animum
1120 208 1136 232 4

111 243 237 272 insidias
254 241 400 275 timentis,
423 245 452 270 et
473 240 608 278 ignotum
628 241 684 270 iter
706 241 773 271 sine
795 243 873 272 duce
888 251 949 272 non
965 245 1097 274 audebat

110 283 242 320 ingredi:
271 282 403 312 felicitati
425 287 524 311 tamen
546 283 627 319 regis
650 283 697 312 sui
713 283 850 313 confisus
866 289 1016 320 agrestes,
1043 286 1094 323 qui

110 327 206 354 duces
221 324 336 354 itineris
352 328 463 359 essent,
480 324 581 360 excipi
597 324 694 354 iussit.
717 325 831 360 Quibus
845 326 983 355 celeriter
994 335 1097 363 reper-

109 367 148 396 tis
165 371 270 403 quarto
288 365 336 394 die
355 366 393 393 ad
411 366 515 394 urbem
528 366 674 401 pervenit,
690 366 750 395 iarn
764 371 916 396 metuente
928 369 1093 404 praelecto,

110 417 147 437 ne
169 408 226 437 sibi
248 408 324 436 fides
341 406 441 435 habita
456 415 515 436 non
532 410 622 436 esset.
655 407 756 444 Igitur,
773 409 860 445 quasi
877 417 983 445 parum
999 409 1094 438 muni-
1119 415 1136 440 5

109 449 217 478 mentis
234 448 339 485 oppidi
355 448 469 483 fidens,
491 453 560 477 ante
577 449 651 478 solis
674 454 770 478 ortum
794 451 954 486 pecuniam
978 451 1092 487 regiam

109 494 228 527 (gazam
253 490 363 519 Persae
385 494 508 524 vocant)
530 498 597 519 cum
619 490 849 526 pretiosissimis
870 500 970 521 rerum
992 492 1093 521 efferri

109 532 199 566 iubet,
217 533 316 568 sugam
333 531 493 565 simulans,
511 540 544 560 re
559 540 640 567 vera,
658 537 689 561 ut
705 533 848 568 praedam
864 533 944 563 hosti
961 533 1092 563 offerret.

204 572 270 609 (34)
285 573 378 601 Multa
393 573 473 601 milia
490 573 621 602 virorum
638 574 877 611 feminarumque
893 576 1092 604 excedentem
1118 579 1134 605 6

108 615 224 652 oppido
247 615 466 651 sequebantur,
495 615 634 643 omnibus
656 615 837 644 miserabilis
864 617 951 645 turba
972 621 1093 652 praeter

108 665 186 691 eum,
202 656 288 685 cuius
304 656 375 685 fidei
392 656 555 685 commissa
570 660 642 685 erat.
666 657 785 693 Quippe
803 665 863 693 quo
880 658 975 686 maior
987 657 1090 694 prodi-

109 698 197 727 tionis
214 705 330 726 merces
347 698 432 731 soret,
451 697 583 726 obiicere
598 697 678 726 hosti
693 698 820 734 parabat
834 699 996 734 gratiorem
1012 699 1092 728 omni

107 739 237 776 pecunia
252 739 412 775 praedam,
440 738 558 768 nobiles
575 739 671 773 viros,
697 743 868 775 praetorum
884 741 972 770 Darei
988 740 1091 770 coniu-

106 789 161 817 ges
184 781 373 816 libcrosque,
399 784 518 816 praeter
545 780 601 809 hos
625 780 807 810 Graecarum
829 781 947 810 urbium
962 783 1089 818 legatos,

107 830 186 859 quos
204 823 333 856 Dareus,
358 821 485 850 velutin
502 829 571 850 arce
594 822 758 857 tutissima,
784 823 811 851 in
836 823 1000 859 proditoris
1023 823 1092 852 reli-

107 869 214 900 querat
229 863 376 892 manibus.
411 863 571 899 Gaugabas
588 863 698 892 Persae
718 868 828 893 vocant
849 864 983 894 humeris
999 872 1092 893 onera
1112 865 1127 892 7

105 910 276 942 portantes:
293 904 323 933 hi
340 913 430 941 quum
439 904 555 941 [frigus]
565 905 693 934 tolerare
707 914 766 934 non
783 910 918 942 possent,
930 923 965 926 —
976 906 1090 942 quippe

105 952 135 976 et
150 948 284 983 procella
300 946 399 976 subito
416 946 516 975 nivem
532 946 680 976 effuderat
702 951 731 975 et
752 947 861 976 humus
882 947 999 983 rigebat
1020 948 1090 984 gelu

107 994 166 1018 tum
181 988 312 1021 astricta,
326 1005 365 1009 —
378 993 490 1022 vestes,
507 996 584 1024 quas
601 996 668 1017 cnm
685 988 815 1024 pecunia
829 989 999 1025 portabant,
1015 997 1090 1018 auro

105 1034 135 1059 et
150 1038 283 1066 purpura
298 1029 433 1066 insignes
449 1030 590 1064 Induunt,
614 1030 694 1059 nullo
711 1030 873 1066 prohibere
888 1038 979 1065 auso,
997 1039 1089 1066 quum

106 1072 225 1101 fortuna
239 1070 321 1107 regis
338 1071 426 1100 etiam
442 1071 614 1100 humillimis
630 1071 659 1099 in
677 1071 776 1107 ipsum
798 1071 948 1100 licentiam
965 1072 1086 1100 faceret.

104 1113 273 1142 Praebuere
295 1121 367 1149 ergo
388 1112 575 1142 Parmenioni
598 1121 657 1142 non
682 1113 847 1148 spernendi
867 1112 995 1148 agminis
1018 1121 1086 1149 spe-
1111 1116 1129 1142 8

104 1154 197 1183 ciem:
225 1154 276 1190 qui
297 1153 456 1183 intentiore
479 1163 549 1183 cura
566 1163 639 1183 suos
657 1154 743 1190 quasi
759 1155 797 1182 ad
813 1154 923 1183 iustum
940 1154 1087 1190 proelium

106 1196 210 1231 paucis
231 1196 407 1225 adhortatus
428 1196 514 1231 equis
531 1195 659 1225 calcaria
674 1196 756 1224 iubet
771 1196 902 1224 subdere
918 1200 948 1224 et
959 1196 1021 1224 acri
1035 1195 1088 1224 im—

105 1242 175 1274 petu
191 1237 219 1265 in
237 1237 354 1265 hostem
367 1236 464 1265 evehi.
486 1238 525 1265 At
538 1237 587 1271 illi,
603 1236 653 1273 qui
666 1237 722 1266 sub
736 1237 878 1265 oneribus
891 1241 984 1272 erant,
997 1236 1087 1266 omis-
1113 1240 1129 1266 9

104 1278 147 1307 sis
163 1286 216 1315 per
231 1282 356 1313 metum,
373 1283 538 1314 capessunt
554 1279 668 1314 fugam:
685 1278 789 1307 armati
807 1287 946 1314 quoque,
964 1278 1016 1314 qui
1032 1286 1086 1307 eos

104 1320 383 1356 prosequebantur,
407 1320 514 1349 eodem
529 1324 609 1349 metu
625 1328 707 1348 arma
723 1319 835 1348 iactare
851 1328 886 1348 ac
902 1324 973 1350 nota
989 1319 1088 1348 diver—

105 1361 194 1390 ticula
209 1365 312 1398 petere
328 1365 502 1397 coeperunt.
537 1361 720 1395 Praefectus,
738 1361 826 1397 quasi
842 1365 870 1390 ct
886 1361 953 1397 ipse
969 1365 1128 1390 conter-lo

103 1402 188 1437 ritus,
206 1403 350 1432 simulans
367 1407 475 1432 cimeta
491 1411 605 1439 pavore
622 1403 835 1439 compleverat.
859 1403 1001 1431 Iacebant
1015 1402 1086 1432 totis

104 1443 220 1480 campis
238 1452 314 1480 opes
330 1444 440 1481 regiae,
456 1444 506 1473 illa
522 1444 652 1481 pecunia
664 1444 816 1480 stipendio
833 1444 946 1481 ingenti
962 1443 1087 1472 militum

104 1490 294 1522 praeparata,
311 1486 360 1515 ille
376 1486 473 1516 cultus
490 1490 533 1515 tot
549 1486 692 1515 nobilium
714 1485 854 1520 virorum,
870 1490 914 1515 tot
928 1484 1088 1514 illustrium

104 1527 296 1561 feminarum,
323 1536 415 1556 aurea
442 1536 529 1562 vasa,
556 1527 640 1556 aurei
662 1527 751 1562 freni,
781 1527 974 1556 tabernacula
994 1525 1088 1562 regali

102 1568 326 1605 magnificentia
341 1573 455 1604 ornata,
472 1569 611 1598 vehicula
628 1577 751 1605 quoque
766 1577 784 1597 a
801 1568 863 1597 suis
878 1568 1029 1602 destituta,
1043 1567 1084 1596 in*
1096 1572 1125 1596 ll

103 1610 201 1646 gentis
218 1611 390 1646 opulentiae
406 1611 511 1646 plena,
534 1610 627 1639 facies
644 1610 732 1639 etiam
752 1610 967 1646 praedantibus
983 1609 1085 1643 tristis,

104 1651 130 1679 si
147 1659 205 1687 qua
220 1660 269 1681 res
285 1651 441 1680 avaritiam
462 1656 637 1682 moraretur.
677 1651 795 1688 Quippe
818 1655 859 1680 tot
880 1658 1027 1680 annorum
1042 1650 1085 1679 in-

104 1692 240 1721 credibili
263 1699 292 1722 et
313 1693 403 1722 fidem
427 1694 594 1722 excedente
622 1694 741 1722 fortuna
767 1693 916 1722 cumulata
936 1696 1007 1721 tunc
1029 1691 1087 1721 alia
