1215 1905
142 86 213 115 LIB.
229 86 279 115 Vl.
305 84 386 114 CAP.
402 85 450 121 IX,
467 85 640 115 28-CAP.
656 85 691 121 X,
709 90 749 115 15.
765 96 814 122 [vu
833 96 917 118 ³5-ae.
939 96 978 123 z.]
1014 85 1073 116 133

59 168 75 193 4
88 163 243 192 damnatus
254 170 326 191 sum.
358 161 419 190 Sed
429 169 605 198 quamquam
622 162 711 190 vincti
720 161 842 190 hominis
856 170 913 191 non
925 170 1072 199 superva-

85 213 142 234 cua
155 206 254 238 sotum,
267 203 414 233 sedetiam
427 204 520 232 invisa
532 203 666 238 defensio
677 207 726 238 est⁷
742 205 793 239 qui
803 203 929 233 iudicem
945 212 1001 232 non
1016 204 1072 233 do-

86 254 152 275 cere
166 246 292 280 videtur,
312 245 364 274 sed
374 252 519 280 orauere:
542 248 654 279 tamen,
676 248 821 281 utcunque
833 247 899 274 licet
910 253 954 274 me
965 245 1071 280 dicere,

86 289 259 324 memetipse
271 294 327 316 non
342 286 475 316 deseram
490 293 544 314 nec
560 287 746 321 committam,
772 291 803 315 ut
815 287 971 315 damnatus
985 288 1071 315 etiam

54 334 69 358 5
85 337 149 358 meu
161 329 301 358 sententia
315 328 425 357 videar.
447 327 599 363 Equidem,
615 329 698 356 cuius
712 329 842 357 crinn'nis
855 336 924 357 reus
937 329 999 362 sim,
1014 336 1071 357 non

88 371 176 400 video.
212 370 294 399 Inter
316 371 483 398 coniuratos
504 377 587 398 nemo
613 377 658 398 me
680 371 824 398 nominat:
851 369 888 398 de
913 377 958 398 me
978 370 1070 399 Nico——

88 412 208 441 machus
222 412 296 441 nilzil
307 411 398 440 dixit:
415 411 568 440 Cebalinus
574 412 654 447 ptus,
667 419 754 447 quam
768 411 913 446 audierat,
926 412 1002 440 scire
1013 419 1071 441 non

56 458 72 483 6
84 455 185 490 potuit.
218 453 306 489 Atqui
314 453 522 482 coniurationis
535 456 626 489 caput
638 460 682 481 me
693 452 788 488 fuisse
801 453 897 481 credit
907 451 983 482 rex!
1007 453 1070 482 Po-

87 496 139 524 tuit
150 502 220 531 erqo
226 495 347 524 Dinmus
358 502 422 523 eum
433 495 607 531 praeterire,
621 502 704 530 quem
719 493 913 530 sequebatur?
922 502 1071 530 praeser-

86 539 134 565 tim
148 544 235 572 quum
248 537 400 572 quaerenti
412 537 502 565 socios
517 537 561 564 vet
573 535 654 570 salso
667 535 780 570 fuerim
795 536 999 571 rzomt'nandus,
1015 544 1070 572 quo

55 582 68 608 7
82 578 219 613 facilius,
241 579 292 614 qui
307 578 489 612 tentabatur,
506 581 605 614 posset
627 578 744 614 impelli.
780 577 843 605 Non
862 578 938 606 enim
961 577 1070 606 detecto

83 619 222 654 facinore
237 627 338 648 nomen
358 617 451 648 meum
463 620 634 655 praeteriit,
661 623 692 647 ut
699 622 797 655 posset
809 619 905 648 videri
916 619 992 648 socio
1011 627 1061 655 pe-

83 662 226 698 percisse:
253 661 440 695 Nlooma'clzo,
463 669 545 696 quem
570 662 724 689 taciturum
741 668 856 689 arcuna
870 660 907 689 de
920 662 1067 697 semetipse

84 703 234 736 credebat,
259 702 423 738 confessus,
447 703 514 731 aliis
526 703 695 737 nominatis,
714 710 759 731 me
772 710 861 730 unum
873 702 1068 731 subtrahebat.

54 750 71 772 8
88 744 215 779 Quaeso,
231 745 448 779 commilitones,
465 745 492 772 si
505 744 656 772 Cebalinus
668 751 712 772 me
727 751 784 772 non
798 744 920 778 adisset,
940 744 1016 773 nihil
1025 752 1069 773 me

85 786 122 814 de
137 786 297 814 coniuratis
319 787 395 814 scire
420 787 564 819 voluisset,
590 793 658 813 num
682 785 767 814 hodie
791 785 917 814 dicerem
938 793 1065 820 causam,

57 831 72 856 9
85 828 164 856 nullo
174 834 219 855 me
231 825 418 855 uotninante?
431 827 554 855 Dimnus
565 835 650 861 sane,
666 827 692 855 si
705 827 811 855 viveret
821 827 928 862 adhuc,
943 831 975 855 ut
988 828 1067 856 veltet

83 868 155 897 mihi
159 876 289 905 parcere
297 879 306 896 .·
329 868 401 904 quid
411 867 522 897 ceteri?
535 869 586 904 qui
597 868 633 897 de
644 876 674 896 se
686 868 909 903 confitebuntur,
927 876 972 897 me
984 868 1061 897 vide-

83 911 150 939 licet
170 908 357 938 subtrahent!
396 910 533 945 Matiana
556 914 598 938 est
618 910 787 945 calamitas,
815 914 841 938 et
860 909 930 944 fere
953 911 1067 945 noxius,

45 956 170 988 loquum
183 959 235 980 suo
248 953 392 987 supplicio
403 953 562 985 crucietur,
585 952 741 987 acquiescit
752 953 858 980 alieno.
898 951 949 980 Tot
961 952 1068 981 conscii

83 1001 120 1022 nc
143 994 173 1021 in
191 995 341 1028 equuleum
365 993 480 1029 quidem
500 994 626 1029 impositi
648 1001 745 1022 cerum
766 991 961 1028 fatebuntur?
982 994 1071 1029 Atqui

83 1042 166 1063 nemo
174 1035 274 1070 parcit
284 1036 431 1069 morituro,
446 1043 498 1063 nec
511 1036 645 1070 cuiquam
659 1036 823 1069 moriturus,
837 1038 869 1062 ut
882 1036 995 1070 opinor.

46 1080 74 1105 11
158 1074 226 1110 (38)
248 1076 297 1104 Act
311 1084 409 1105 verum
430 1077 539 1105 crimen
557 1080 585 1105 et
608 1077 651 1104 ud
666 1084 754 1104 unum
776 1076 979 1105 revertendum
999 1077 1072 1105 milti

82 1121 138 1146 est:
152 1125 206 1146 cur
217 1125 278 1146 rem
291 1118 419 1146 delatam
429 1118 471 1146 ad
484 1121 510 1146 te
523 1116 657 1146 tacuisti?
669 1126 723 1146 cur
734 1121 792 1146 tam
805 1125 925 1146 securus
937 1116 1068 1146 audisti?

83 1159 161 1193 Hoc,
176 1160 376 1195 qualecunque
388 1163 442 1194 est,
455 1159 587 1194 confesso
601 1160 685 1194 mitti,
699 1160 861 1195 ubicunque
871 1167 916 1193 es,
931 1159 1071 1188 Alexan-

83 1200 146 1234 der,
160 1201 297 1229 remisisti
306 1211 314 1228 .·
332 1201 483 1230 dexteram
498 1205 576 1229 tuam
589 1203 752 1237 amplexus,
768 1201 950 1230 reconciliati
959 1202 1070 1237 piyuus

43 1247 75 1271 12
83 1243 181 1277 animi,
195 1243 323 1271 convivio
339 1250 450 1278 quoqne
465 1243 596 1278 interfui.
618 1242 652 1271 Si
663 1242 816 1272 credidisti
828 1242 907 1277 mihi,
924 1242 1070 1271 absolutus

81 1284 196 1318 sum,si
203 1285 364 1320 pepercisti
371 1307 377 1318 ‚
396 1284 548 1313 dimissus.-
573 1285 618 1313 vel
630 1285 769 1313 iudicium
784 1288 863 1312 tuum
875 1292 969 1312 serva.
993 1284 1071 1318 Quid

82 1325 139 1353 hac
157 1327 297 1361 proxima
312 1330 408 1360 nocte,
433 1334 490 1362 qua
505 1326 653 1361 diyressus
671 1334 734 1354 sum
747 1334 765 1354 a
781 1334 881 1354 mensa
899 1329 964 1361 tua,
984 1324 1069 1361 feci?

83 1366 162 1402 quod
178 1374 281 1396 novum
295 1367 418 1402 facinus
438 1367 566 1396 delatum
583 1368 626 1396 ad
641 1371 667 1396 te
687 1369 807 1396 mutavit
823 1368 951 1396 animum
967 1365 1069 1396 tuum?

43 1412 75 1438 13
85 1408 176 1437 Gravi
198 1416 301 1445 sopore
324 1409 554 1445 acquiescebam,
577 1417 665 1445 quum
685 1417 730 1438 me
748 1410 833 1438 matis
849 1409 1069 1437 indormientem

82 1451 151 1478 meis
170 1451 280 1479 inimici
302 1451 453 1479 vinciendo
469 1452 680 1479 excitaverunt.
726 1450 808 1479 Unde
820 1455 846 1479 et
853 1450 1031 1486 parricidae
1043 1452 1070 1478 et

43 1495 76 1519 Η
81 1491 230 1526 proditori
241 1495 299 1520 tam
315 1493 369 1520 ulti
379 1493 459 1528 quies
472 1490 584 1521 somni?
599 1492 750 1527 Scelerati,
765 1493 941 1520 conscientia
956 1491 1069 1520 obstre-

76 1535 181 1568 pente,
196 1533 379 1562 condormire
390 1541 446 1562 non
458 1536 594 1570 possunt:
608 1535 723 1569 aqitctnt
732 1542 779 1563 eos
788 1533 811 1568 f
810 1534 907 1568 uriae,
925 1540 982 1562 non
995 1540 1068 1562 con-

82 1577 224 1603 summato
235 1575 318 1604 modo
326 1598 333 1610 ,
344 1575 398 1604 sed
408 1576 495 1604 etiam
510 1577 633 1611 coqitato
645 1575 818 1611 parricidio.
851 1575 889 1603 At
898 1575 971 1603 mihi
980 1582 1068 1603 secu-

78 1616 194 1645 ritatem
196 1617 328 1652 primum
341 1618 506 1646 innocentia
517 1625 589 1651 meu,
603 1617 709 1646 deinde
721 1620 770 1645 tua
784 1617 908 1645 dextera
915 1616 1068 1645 obtulerat:

83 1665 139 1686 non
155 1659 250 1693 timui,
273 1667 310 1687 ne
319 1659 388 1694 ptus
402 1660 517 1687 alienae
531 1659 701 1687 crudelitati
711 1658 793 1694 apud
803 1661 829 1686 te
842 1659 956 1692 liceret,
980 1665 1068 1693 quam

46 1699 250 1729 15ctementiae
263 1703 339 1729 tuae.
375 1700 435 1729 Sed
448 1704 522 1729 nete
533 1700 606 1728 mihi
616 1700 776 1729 credidisse
779 1700 945 1736 poeniteat:
968 1708 1015 1728 res
1028 1699 1070 1727 ad
