1210 1895
463 101 700 128 PRAEFATIO.
1070 105 1106 123 „xv

66 176 166 206 iniquos
185 174 303 199 fuisse.
331 174 389 204 quia
407 173 456 197 inm
476 177 589 196 mortuus
609 171 649 196 ille
669 174 733 199 erat,
761 170 903 195 Alexandro
930 173 1013 194 autem
1032 178 1105 194 csse

67 209 206 242 propitius,
233 208 293 239 quia
316 209 444 232 etiamtum
470 206 512 230 ille
528 206 641 233 vivebat,
669 213 749 236 neque
769 205 895 229 desierant
914 205 948 229 dii
968 205 990 228 ei
1010 204 1103 229 favere.

67 243 146 268 Simili
176 242 250 267 modo
277 242 329 269 VII,
348 241 364 266 5
384 241 454 272 (24),
472 238 514 265 37.
542 240 649 264 Euris-tat
673 239 705 264 ab
731 239 820 269 inseris
839 238 977 269 (Dareus).
1004 240 1047 270 qui
1063 240 1105 263 illo

65 279 187 310 mpplicio
206 277 322 308 indignus
337 276 406 306 suit
422 279 446 300 et
463 275 508 300 Ιιοε
525 275 615 299 solatio
634 275 724 306 dianus
743 277 798 298 est.
843 273 936 298 Hostes
954 273 1107 298 adiuvissent

66 313 164 344 scripsi,
184 311 243 342 quia
263 311 334 334 Bern.
354 311 386 334 A.
404 310 476 334 Leid.
494 309 570 333 Voss.
593 308 616 332 1.
635 309 701 332 Flor.
722 307 838 331 ABEGH.
857 307 934 331 Paris.
948 307 1017 332 ABG.
1033 307 1104 332 adiu-

67 347 166 378 m‘ssene,
186 345 249 370 Flor.
270 345 296 368 F.
314 343 397 369 lweles
416 344 567 368 adiuvissent
585 342 686 370 habent,
706 347 728 366 et
748 341 852 373 pluralis
872 349 991 366 numerus
1006 349 1104 367 accum-

67 380 184 405 modatus
201 380 238 404 rei
257 379 368 403 videtur:
387 386 467 409 neque
486 378 551 402 enim
566 378 660 402 Dareus
677 377 746 401 solus
757 376 928 400 Alexandrum
944 376 1048 404 adiuvit,
1059 376 1105 400 sed

67 415 137 439 multi
156 414 231 438 etiam
248 413 292 437 ulii
309 412 409 441 hostes,
432 412 580 444 praesertim
599 411 692 435 Bessus
710 411 764 442 ipse
785 410 952 434 interficiendo
971 410 1061 439 Dareo,
1081 415 1105 433 et

67 449 225 481 Spitamenes
243 447 366 478 capiendo
386 447 476 471 Besso.

134 483 189 511 vn,
209 482 225 506 5
243 481 313 513 (23),
331 479 374 506 31.
403 479 589 505 occurrentibus
607 478 769 504 Branchidis.
807 479 890 511 Vulgo
909 478 1104 508 occurrentibus,

66 516 236 543 Branchidae.
275 516 434 543 Editoribus,
455 515 569 547 Zumptio
589 519 667 542 certe,
692 512 850 537 satissactum
870 513 968 537 videtur
986 513 1104 545 vulgatae

66 552 180 576 lectionis
197 550 366 584 explicatione
384 557 399 573 a
416 549 515 574 Radero
534 549 672 580 proposita,
691 547 796 575 dicente,
809 547 900 571 milites
910 547 1046 572 Alexandri
1058 546 1104 570 Mi-

66 586 142 611 lesios
160 585 298 610 occurrisse
317 585 350 609 ad
367 584 518 608 audiendam
537 584 604 614 regis
624 583 782 607 senteutiam.
808 583 841 606 At
859 582 986 612 quomodo
1003 582 1104 605 tandem

67 621 159 646 milites
177 620 225 644 dici
244 623 360 651 poterant
377 619 431 650 regi
449 625 586 646 occurrere,
602 624 711 648 quocum
730 616 778 648 ipsi
798 616 822 640 in
837 616 925 641 itinere
945 616 1032 640 erant?
1051 616 1104 639 Ad-

66 656 117 679 iicit
137 654 282 686 Zumptius,
300 653 471 677 Alexandrum
490 652 583 676 milites
602 652 708 676 iussisse
728 658 813 675 secum
831 651 967 682 procedere
984 649 1103 674 Branchi-

68 690 114 713 dae
131 688 158 713 h.
179 696 202 713 e.
222 689 247 712 In
266 687 463 711 Branchidarum
483 687 585 717 urbem,
603 686 676 717 quasi
695 685 728 709 ad
744 684 809 709 hanc
823 692 875 709 rem
892 685 964 709 iussu
982 692 1046 716 opus
1064 691 1103 708 es—

68 729 114 748 set.
152 722 321 747 Alexandrum
341 729 397 746 cum
417 722 525 745 exercitu
543 721 718 752 procedentem
737 722 826 751 sponte
846 720 898 743 sine
918 719 994 744 dubio
1013 718 1104 743 milites

69 757 158 784 Milesii
177 756 354 787 sequebantur.
393 756 444 779 Iam
464 762 541 786 quum
560 754 707 779 occurrendi
725 754 827 778 verbum
847 754 878 777 de
902 753 1020 786 regibus,
1036 753 1103 785 prin-

67 792 172 824 cipibus,
192 790 306 818 ducibus,
325 790 423 815 urbium
441 789 531 813 incolis
550 788 694 812 Alexandro
713 788 839 812 interdum
849 788 951 818 quidem
967 787 1104 812 dimicandi

67 833 152 855 causa,
169 825 317 858 plerumque
332 832 390 848 vero
402 824 434 848 ad
445 824 626 848 conciliandam
637 822 745 855 gratiam
756 823 905 852 veniamque
914 822 1049 855 petendam
1059 821 1102 845 ob-

66 862 132 886 viam
152 860 268 885 euntibus
287 858 520 890 frequentissimum
536 858 605 889 apud
624 857 736 882 Curtium
753 857 793 885 sit,
817 862 929 888 apparet,
948 857 1023 881 etiam
1040 855 1066 880 h.
1085 855 1102 880 1.

67 894 219 919 Branchidae
237 894 291 926 regi
309 893 528 925 appropinquanti,
546 896 573 916 ut
589 900 616 916 se
636 892 764 919 dederent,
782 891 882 915 obviam
899 891 984 916 ivisse.
1018 891 1104 921 ltaque

66 929 226 954 scribendum
236 927 397 959 Branchidis,
408 932 435 951 ut
446 932 483 951 est
493 927 518 951 in
527 927 601 951 Voss.
609 926 634 950 2.
646 926 674 950 Β.
687 926 709 950 l.
723 924 906 957 (Branciadis)
918 929 994 956 utque
1004 925 1104 949 Medius

66 965 116 988 iam
131 963 206 988 scribi
220 970 296 995 posse
311 962 383 986 vidit.
412 961 526 986 Ceterum
538 969 589 985 occ.
602 960 756 985 Branchidis
768 960 852 984 malim
862 967 906 991 pro
920 960 1036 984 ablativis
1048 959 1102 983 abs.

66 1005 142 1029 qnam
160 1005 206 1030 pro
226 997 316 1022 dativis
333 996 425 1021 habere
441 1000 464 1020 et
480 996 513 1020 ad
526 995 592 1020 iube:
608 995 716 1019 adiicere
728 1001 782 1019 eos:
795 995 828 1019 cl'.
841 995 905 1023 VIII,
920 993 1064 1025 ιο(3«1),1.
1077 993 1102 1017 2.

132 1032 188 1061 vn,
209 1031 224 1055 5
243 1030 314 1063 (24),
334 1029 377 1055 42.
400 1030 488 1055 Nune
507 1031 531 1054 si
544 1031 654 1061 forsitan
670 1031 802 1060 —possz't‚
823 1033 897 1053 tunc
915 1042 948 1046 —
967 1029 1026 1060 fuit.
1063 1027 1104 1051 Sic

66 1066 225 1091 scribendum
246 1073 302 1090 esse
321 1065 428 1093 conieci,
448 1078 483 1082 —
508 1065 585 1096 vulgo
605 1064 672 1088 enim
692 1072 760 1087 uam
777 1065 801 1088 si
822 1077 855 1081 —
874 1067 981 1087 lamen
999 1076 1034 1080 —-
1055 1063 1106 1093 fui!

66 1101 195 1129 scribitur,
221 1114 254 1118 —
273 1103 406 1130 antequam
426 1098 611 1130 Snakenburgii
632 1102 780 1130 apparatum
801 1097 914 1122 criticum
933 1097 1047 1129 inspexi:
1073 1103 1104 1121 cx

66 1143 116 1166 quo
137 1135 261 1166 cognovi,
281 1141 344 1158 nunc
364 1141 420 1157 esse
440 1134 464 1157 in
484 1133 580 1164 Bong..
600 1137 648 1156 lum
665 1137 748 1156 autem
768 1133 792 1156 in
812 1132 914 1164 optimis
932 1131 1006 1156 Leid.
1028 1131 1102 1155 Voss.

67 1170 91 1194 1.
110 1168 150 1196 D..
171 1173 220 1193 tam
240 1168 265 1192 in
285 1168 337 1192 Pal.
359 1168 382 1192 1.
402 1168 482 1199 Bong.
509 1167 562 1191 Iam
581 1175 638 1191 vero
658 1167 721 1190 inter
739 1170 786 1190 tum
808 1171 832 1190 et
850 1170 906 1190 tunc
921 1171 970 1190 tam
983 1165 1103 1197 exiguum

66 1205 91 1228 in
110 1203 185 1227 codd.
207 1206 245 1226 est.
264 1202 413 1228 discrimen.
433 1207 534 1232 tamque
553 1209 630 1232 saepe
650 1200 692 1225 illa
711 1201 775 1225 inter
797 1208 825 1224 se
844 1204 1044 1231 commutantur,
1067 1205 1103 1228 ut,

64 1238 87 1262 si
106 1238 162 1268 quis
181 1240 237 1261 tunc
255 1241 345 1268 ponat,
376 1236 418 1260 ubi
438 1236 462 1259 in
482 1236 555 1260 codd.
575 1239 623 1260 tum
647 1235 802 1263 inveniatur,
832 1234 894 1259 haec
915 1235 959 1259 vix
983 1234 1104 1258 nominari

65 1272 145 1304 possit
156 1271 273 1296 mutatio:
293 1275 350 1295 tunc
367 1274 450 1294 autem
470 1269 496 1294 h.
516 1270 533 1294 I.
554 1269 644 1294 fortius
663 1270 807 1301 aptiusque,
824 1277 899 1300 quam
916 1273 972 1293 tum.
1008 1269 1104 1300 Vulga-

65 1307 99 1330 ris
118 1306 190 1330 lectio
210 1313 259 1330 non
278 1305 354 1330 habet
372 1309 456 1336 aptam
476 1304 679 1336 explicationem.
702 1303 764 1328 Nam
782 1304 803 1328 si
821 1310 878 1328 tunc
894 1303 944 1334 (sic
966 1304 1031 1327 enim
1049 1302 1103 1327 vul-

66 1346 126 1373 gata
144 1340 268 1371 scriptura
286 1348 301 1364 a
317 1340 342 1364 Z.
364 1339 512 1370 explicatur,
532 1346 578 1363 nec
595 1343 678 1370 potest
695 1337 779 1370 aliter)
798 1343 849 1362 tam
868 1338 967 1362 celeber
986 1344 1046 1361 usus
1064 1345 1104 1361 sa-

65 1374 174 1407 gittandi
195 1379 261 1404 erat,
282 1380 309 1398 ut
324 1373 423 1398 Catenis
442 1381 483 1397 ars
503 1373 586 1397 minus
600 1372 754 1397 admirabilis
774 1373 851 1397 rideri
869 1373 964 1404 possit,
985 1372 1028 1403 qui
1049 1375 1103 1395 tau-

66 1410 123 1434 dem
143 1408 236 1433 factum
256 1414 308 1437 eat,
329 1412 356 1432 ut
373 1412 456 1432 tamen
475 1407 621 1431 miraculum
640 1407 780 1431 visentibus
801 1408 887 1431 esset?
923 1406 1022 1431 Curtius
1044 1412 1103 1430 vero

65 1444 101 1468 illi
117 1443 192 1467 aetati
207 1450 279 1467 suam
296 1442 409 1475 opponit.
441 1443 524 1473 Ipsius
539 1446 620 1466 aetate
635 1445 737 1474 propter
748 1441 870 1466 celebrem
881 1441 1019 1473 sagittandi
1029 1447 1103 1464 usum

66 1485 107 1502 ars
125 1477 267 1508 excipiendi
290 1484 351 1501 aves
371 1476 483 1500 volantes
502 1483 552 1500 non
573 1475 635 1500 adeo
657 1475 813 1500 admirabilis
835 1480 905 1505 erat,
924 1480 982 1499 tunc
1001 1475 1102 1499 visenti-

66 1514 112 1537 bus
132 1512 221 1543 ingens
242 1511 397 1536 miraculum.

134 1546 188 1573 VII,
206 1544 222 1571 6
243 1544 313 1576 (26),
336 1544 376 1569 12.
405 1552 484 1575 super
501 1544 640 1574 Bosporum
658 1545 746 1568 colunt.
787 1543 865 1568 Codd.
893 1547 916 1567 et
935 1543 1003 1575 vulg.
1025 1550 1102 1574 super

66 1580 182 1611 Bosporo
201 1581 316 1611 incolunt,
338 1580 364 1604 Z.
384 1587 461 1610 super
478 1579 609 1609 Bosporon
628 1579 718 1602 colunt.
755 1578 817 1610 Ego,
836 1585 913 1608 quum
928 1585 942 1601 o
957 1583 980 1601 et
997 1585 1020 1605 u,
1036 1577 1061 1601 in
1079 1581 1102 1601 et

65 1623 87 1639 m
109 1621 186 1646 saepe
204 1614 230 1638 in
249 1614 289 1638 his
309 1614 383 1638 codd.
404 1618 590 1646 permutentur.
619 1613 757 1643 Bosporum
776 1613 857 1637 colunt
876 1612 981 1643 scripsi,
1013 1615 1039 1635 ut
1058 1611 1101 1639 VI,

65 1648 82 1674 2
102 1647 156 1680 (6).
180 1647 220 1674 13.
238 1649 305 1677 vnl,
326 1649 338 1672 1
360 1647 414 1679 (1),
433 1646 457 1672 7.

134 1681 190 1710 vll.
212 1680 228 1708 7
248 1682 317 1713 (29),
336 1682 360 1707 4.
380 1682 460 1707 Recta
473 1681 563 1706 deinde
579 1683 679 1713 regione
696 1679 752 1714 [ad]
763 1681 803 1705 A!
809 1690 824 1705 (1
832 1689 921 1705 unum
933 1681 1000 1704 ultra
1010 1679 1101 1704 Istrum

64 1718 183 1741 iacentem
200 1717 266 1742 com.
313 1716 397 1748 Vulgo
423 1720 493 1741 recta
515 1716 557 1748 (Z.
579 1716 682 1743 rectam)
707 1716 795 1740 deinde
822 1716 943 1747 reqionem
961 1715 1036 1738 aliam
1052 1721 1100 1738 —:
