1215 1905
145 130 207 161 204
487 131 519 166 Q.
547 130 703 160 CURTII
725 131 830 160 RUFI

147 206 239 241 niele,
262 205 319 235 nisi
336 205 482 241 victores,
504 205 604 235 redire
619 214 679 235 non
695 210 839 243 possent,
861 206 993 243 ingentia
1009 217 1083 238 saxa
1100 208 1128 238 in

147 247 312 276 subeuntes
330 246 579 283 provolventibus
595 247 747 281 barbaris,
766 247 834 284 quis
850 248 981 285 perculsi
997 249 1129 279 instabili
1184 275 1190 282 ,

146 293 174 317 et
191 288 306 317 lubrIco
323 288 419 324 gradu
434 287 618 324 praecipites
633 288 818 319 recidebant.
848 290 1016 320 Evaserant
1031 294 1128 320 tamen
1139 296 1169 322 13
1186 290 1215 334 ῃ

145 330 319 359 Alexander
335 334 364 358 et
380 330 503 365 Charus,
520 338 598 366 quos
613 337 681 359 oum
697 331 777 359 XXX
792 331 918 361 delectis
934 331 1130 368 praemiserat
1183 340 1198 349 ··
1212 343 1215 346 ·

145 379 214 405 rex,
237 375 266 399 et
287 370 344 399 iarn
362 379 497 408 pugnare
513 370 682 401 comminus
698 377 878 408 coeperant:
901 373 957 402 sed
972 382 1064 409 quum
1080 381 1128 402 su-

146 420 240 448 perne
266 413 324 441 tela
350 412 470 441 barbari
497 411 682 449 ingererent,
709 413 833 450 saepius
855 413 914 450 ipsi
936 414 1126 448 feriebantur,

147 462 237 490 quam
252 454 458 483 vulnerabant.
481 454 561 490 Ergo
576 454 750 484 Alexander
765 459 794 484 et
806 455 936 485 nominis
953 455 999 484 sui
1015 459 1045 484 et
1058 464 1126 493 pro·
1138 460 1187 493 15¹}

146 495 230 524 missi
244 503 366 529 memor,
380 496 451 523 dum
464 496 563 524 acrius
581 504 670 532 quam
684 496 802 526 cautius
818 496 948 532 dimicat,
964 497 1127 526 confossus

145 536 280 572 undique
302 536 445 565 obruitur.
490 536 584 572 Quem
606 541 636 566 ut
658 537 772 567 Charus
793 537 940 567 iacentem
959 537 1170 574 conspexit,16

146 586 232 607 ruere
248 577 276 606 in
292 577 410 607 hostem
427 578 558 607 omnium
581 583 700 614 praeter
721 578 864 608 ultionem
887 579 1043 608 immemor
1057 587 1126 608 coe-

147 620 188 656 pit
203 620 375 655 multosque
390 619 486 654 hasta,
503 620 654 656 quosdam
670 620 770 656 gladio
787 620 949 650 interemit:
966 620 1021 649 sed
1035 629 1126 657 quum

146 665 187 690 tot
208 669 299 689 unum
322 660 512 690 incesserent
532 669 655 696 manus,
677 669 770 697 super
785 661 873 690 amici
889 669 1000 697 corpus
1018 669 1126 698 procu-

145 702 207 731 buit
223 701 379 730 exanimis.
403 702 489 731 Haud
506 710 606 737 secus,
623 711 713 739 quarn
731 711 784 738 par
796 706 868 737 erat,
885 703 1167 739 promptissimo-17

146 752 209 772 rum
225 743 366 773 iuvenum
381 749 611 780 ceterorumque
624 743 748 773 militum
760 744 879 774 interitu
891 748 1059 774 commotus
1072 753 1126 774 rex

147 785 264 821 signum
279 785 414 821 receptui
431 785 521 814 dedit.
563 785 658 814 Saluti
674 785 741 819 suit,
765 786 847 822 quod
866 785 979 815 sensim
994 791 1024 815 et
1038 786 1127 815 intre·
1136 790 1169 816 18

147 826 207 862 pidi
229 835 263 855 sc
284 831 478 862 receperunt,
502 831 531 856 et
550 827 669 855 barbari
685 827 802 856 hostem
824 826 979 863 depulisse
995 827 1126 857 contenti

146 877 204 897 non
221 868 356 897 institere
372 868 560 897 cedentibus.

227 908 293 945 (41)
317 910 453 939 Ceterum
476 910 663 944 Alexander,
688 918 779 946 quum
802 909 956 938 statuisset
978 909 1169 940 desisterem

145 951 281 987 incepto⁷
297 967 339 972 —-
362 951 474 987 quippe
491 952 572 980 nulla
588 959 660 987 spes
678 950 840 987 potiundae
858 955 961 986 petrae
978 951 1125 980 offereba-
1214 948 1215 954 ¹

147 998 201 1027 tur,
212 1010 245 1014 -—
264 997 360 1021 tamen
377 992 511 1029 speciem
525 993 655 1021 ostendit
672 993 699 1021 in
716 992 874 1021 obsidione
890 991 1126 1028 perseverantis.

144 1035 218 1062 Nam
234 1038 263 1063 et
279 1033 385 1063 itinera
400 1034 534 1063 obsideri
550 1033 637 1063 iussit
653 1038 681 1063 ct
697 1038 794 1063 turres
809 1033 963 1063 admoveri
976 1038 1006 1063 et
1021 1033 1124 1070 fatiga-

146 1075 182 1105 tis
198 1075 275 1104 alios
291 1076 467 1104 succedere.
511 1075 604 1104 Cuius
621 1074 785 1112 pertinacia
800 1075 920 1111 cognita
935 1075 999 1104 Indi
1015 1083 1070 1111 per
1086 1074 1169 1104 bi-20

145 1117 237 1146 duum
255 1117 374 1153 quidem
391 1125 425 1145 ac
442 1117 518 1146 duas
535 1121 641 1146 noctes
664 1125 731 1146 cum
753 1116 953 1146 ostentatione
974 1124 1034 1146 non
1050 1116 1125 1144 fidu-

146 1159 210 1187 ciae
226 1158 326 1193 inodo⁷
344 1159 399 1187 sed
416 1158 503 1187 etiam
521 1158 665 1187 victoriae
681 1157 793 1194 epulati
809 1162 892 1192 sunt,
910 1162 1054 1195 tympana
1070 1165 1125 1186 suo

145 1208 228 1229 more
251 1201 422 1236 pulsantes:
450 1199 536 1229 tertia
559 1208 630 1229 vero
653 1205 741 1229 nocte
766 1203 979 1236 tympanorum
1006 1199 1166 1235 quide1n21

146 1241 289 1277 strepitus
305 1241 437 1271 desierat
453 1241 563 1270 audiri:
587 1245 718 1271 ceterum
740 1249 778 1270 ex
800 1245 860 1270 tota
880 1245 966 1277 petra
982 1241 1064 1269 faces
1079 1248 1126 1269 re-

148 1282 315 1319 fulgebant,
332 1291 408 1319 quas
425 1283 628 1312 accenderant
642 1282 776 1316 barbari⁷
800 1286 831 1311 ut
847 1282 937 1311 tutior
952 1286 1035 1311 esset
1049 1280 1124 1317 ipsis

146 1325 225 1360 fuga,
241 1325 372 1353 obseura
385 1329 472 1353 nocte
487 1333 541 1360 per
554 1324 635 1352 invia
648 1333 722 1352 saxa
735 1323 878 1351 cursui-is.
904 1324 976 1358 Rex,
988 1322 1171 1356 Balachm
1207 1343 1214 1370 h

146 1365 198 1402 qui
213 1366 431 1402 specularetur,
448 1366 626 1401 praemisso,
641 1365 806 1401 cognoscit,
825 1369 938 1400 petram
955 1365 1025 1400 suga
1037 1365 1125 1393 Indo-

147 1415 210 1435 rum
228 1415 297 1435 esse
313 1408 472 1436 desertam.
515 1408 588 1436 Tum
605 1407 674 1436 dato
691 1407 792 1442 signo,
810 1411 842 1435 ut
857 1405 991 1435 universi
1007 1406 1124 1434 concla—

147 1452 270 1483 marent,
283 1448 483 1485 incomposite
496 1448 678 1485 fugientibus
691 1452 799 1476 metum
814 1447 956 1476 incussit:
972 1446 1168 1483 multiq11e‚23

148 1495 291 1526 tanquam
312 1490 436 1519 adesset
457 1489 569 1524 hostis,
597 1498 651 1526 per
671 1490 785 1519 lubrica
807 1497 881 1517 saxa
898 1496 1014 1525 perque
1030 1487 1126 1517 invias
1193 1510 1214 1531 Ἣ

147 1536 231 1560 cotes
253 1531 440 1567 praecipitati
463 1531 652 1561 occiderunt:
681 1532 781 1567 plures
803 1531 905 1566 aliqua
925 1530 1126 1559 membrorum

148 1577 231 1608 parte
247 1572 367 1602 mulcati
383 1573 421 1601 ab
437 1572 561 1609 integris
578 1572 689 1602 deserti
705 1577 783 1602 sunt.
818 1572 898 1606 Rex,
915 1572 1050 1601 locorum
1066 1573 1164 1598 ψει-2»)

147 1613 194 1649 gis
211 1622 300 1649 quarn
316 1614 447 1643 hostium
465 1614 573 1649 victor,
598 1613 755 1651 [speciem]
778 1617 873 1642 tamen
890 1620 1017 1648 magnae
1031 1611 1124 1640 victo-

147 1654 209 1683 riae
226 1655 383 1684 sacrificiis
400 1660 429 1685 et
444 1656 525 1685 cultu
541 1655 630 1685 deum
646 1655 724 1684 fecit.
765 1656 846 1684 Arae
867 1655 894 1682 in
912 1657 997 1690 petra
1011 1654 1127 1682 locatae

148 1700 218 1724 sunt
232 1696 386 1725 Minervae
402 1697 627 1734 Victoriaeque.
659 1696 792 1726 Ducibus
809 1695 930 1730 itineris,
947 1702 1007 1731 quo
1025 1693 1126 1723 subire
1134 1697 1159 1722 25

148 1737 279 1766 iusserat
300 1737 405 1766 leviter
426 1742 574 1774 armatos,
595 1738 651 1767 etsi
667 1736 825 1774 promissis
841 1735 955 1765 minora
972 1735 1127 1772 praestite-
