1215 1905
203 75 273 104 ΗΒ.
289 75 323 104 X.
347 74 428 102 CAP.
444 73 491 108 lX,
508 73 663 102 5—CAP.
679 73 714 108 X,
729 77 755 102 4.
777 82 816 109 [x.
835 82 920 103 2840.
940 81 980 108 z.1
1046 71 1109 101 269

120 148 263 180 instinctu
274 148 437 178 Perdiccae
450 148 489 176 ad
502 147 653 184 supplicia
665 148 855 184 deposcens:
867 146 1108 184 minabaturque,

120 199 225 221 omnes
242 195 355 220 turmas
371 197 440 219 cum
455 188 625 226 elephantis
647 189 837 218 inducturum
859 196 893 218 se
914 189 943 218 in
964 197 1108 218 recusan—

81 237 110 265 17
120 238 174 262 tes.
220 231 391 269 Stupebant
406 230 573 268 improviso
589 231 668 260 malo
686 230 814 267 pedites,
836 238 893 259 nec
908 231 977 268 plus
992 230 1023 260 in
1038 230 1107 268 ipso

119 274 272 310 Meleagro
288 277 353 302 erat
366 277 418 302 aut
433 272 551 302 consilii
567 276 621 302 aut
634 271 735 301 animi.
761 272 955 302 Tutissimum
970 280 1010 301 ex
1022 280 1107 309 prae-

121 315 259 345 sentibus
286 314 458 349 videbatur,
484 318 647 350 expectare
668 313 770 351 potius
792 321 883 351 quam
904 321 1028 343 movere
1050 314 1108 342 sor-

79 360 231 387 18tunam.
280 357 354 385 Tum
375 355 534 390 Perdicca,
563 360 595 385 ut
618 359 773 392 torpentes
799 360 829 385 et
850 355 1002 384 obnoxios
1026 354 1108 389 vidit,

122 398 191 428 CCC
208 400 285 434 sere,
308 398 358 434 qui
374 397 557 434 Meleagrum
573 401 778 434 erumpentem
794 405 832 427 ex
849 397 1014 433 concione,
1031 404 1110 433 quae

121 441 217 477 prima
238 439 340 469 habita
361 443 408 468 est
426 443 497 475 post
515 443 640 468 mortem
656 439 836 473 Alexandri,
860 438 957 468 secuti
977 442 1075 473 erant,
1093 446 1110 467 a

121 481 231 511 ceteris
248 481 399 511 discretos
414 481 583 517 elephantis
605 480 633 509 in
655 484 823 517 conspectu
844 480 935 510 totius
957 479 1110 510 exercitus

122 522 248 552 obiecit:
265 530 435 559 omnesque
450 522 605 551 beluarum
620 522 750 559 pedibus
767 521 867 552 obtriti
879 526 957 557 sunt,
971 529 1028 551 nec
1040 529 1109 558 pro-

81 564 244 595 l9hibente
258 564 398 600 Philippo
414 572 470 593 nec
491 567 629 593 auctore:
645 564 884 601 apparebatque,
899 563 930 592 id
945 563 1036 592 modo
1054 570 1109 600 pro

122 614 179 635 suo
195 605 434 640 vindicaturum,
458 605 539 642 quod
561 605 766 642 approbasset
787 609 924 634 eventus.
967 605 1032 634 Hoc
1048 605 1109 633 bel—

122 648 220 677 lorum
235 647 368 677 civilium
383 647 604 677 Macedonibus
627 651 657 676 et
678 655 764 676 omen
787 651 816 676 et
839 646 1018 683 principium
1045 646 1109 675 suit.

79 689 287 726 20Meleager.
315 697 384 718 sero
401 689 552 718 intellecta
568 689 674 718 fraude
688 688 868 725 Perdiccae,
894 693 956 718 tum
978 687 1110 724 quidem,

123 730 195 768 quia
210 730 309 767 ipsius
324 730 446 767 corpori
461 729 508 759 vis
526 739 584 760 non
601 730 794 766 afferebatur,
809 730 839 759 in
855 730 975 766 agmine
989 729 1110 766 quietus

80 776 112 802 21
122 773 217 802 stetit:
243 776 274 801 at
294 780 381 806 mox,
408 773 548 801 damnata
568 780 623 809 spe
645 772 765 806 salutis,
789 781 881 808 quum
898 771 963 801 eius
979 771 1110 805 nomine,

122 821 213 851 quem
234 813 302 850 ipse
328 814 441 842 fecerat
463 821 579 849 regem.
607 813 636 842 in
658 813 823 850 perniciem
844 821 931 842 suam
951 813 1111 842 abutentes

121 855 240 885 videret
254 854 410 889 inimicos,
428 854 566 891 confugit
580 854 609 883 in
626 855 786 891 templum:
809 863 844 884 ac
860 863 898 884 ne
914 854 973 884 loci
989 854 1110 891 quidem

122 896 268 933 religione
285 896 435 925 defensus
448 896 604 925 occiditur.

528 962 622 991 CAP.
644 963 679 991 X.

96 1025 106 1049 1
203 1019 271 1056 (30)
292 1020 446 1055 Perdicca,
463 1020 610 1056 perducto
626 1019 655 1048 in
672 1020 777 1049 urbem
789 1020 934 1056 exercitu,
951 1020 1110 1049 consilium

123 1061 293 1098 principum
310 1061 442 1091 virorum
458 1061 570 1095 habuit,
587 1061 616 1090 in
634 1070 695 1098 quo
710 1061 869 1098 imperium
885 1062 925 1092 ita
940 1062 1034 1091 dividi
1047 1062 1110 1098 pla-

122 1102 192 1139 cuit,
208 1107 241 1132 ut
256 1111 310 1132 rex
328 1103 450 1140 quidem
467 1111 614 1133 summam
630 1103 696 1132 eius
713 1103 876 1133 obtineret:
893 1108 1032 1141 satrapes
1044 1103 1111 1132 Pto-

122 1145 257 1174 lemaeus
284 1145 418 1183 Aegypti
444 1149 473 1174 et
498 1144 620 1174 Africae
648 1145 796 1181 gentium,
833 1154 912 1182 quae
940 1145 970 1174 in
997 1144 1111 1174 ditione

94 1191 110 1215 2
122 1191 224 1216 erant:
239 1186 438 1216 Laomedonti
455 1186 545 1225 Syria
561 1194 629 1216 eum
643 1186 795 1216 Phoenice
811 1188 881 1217 data
895 1190 958 1217 est:
979 1187 1112 1216 Philotae

123 1228 226 1257 Cilicia
241 1228 406 1257 destinata:
427 1228 552 1266 Lyciam
568 1236 636 1257 cum
651 1228 828 1266 Pamphylia
844 1233 874 1258 et
888 1228 1003 1259 maiore
1017 1228 1111 1266 Phry-

121 1269 170 1306 gia
186 1270 323 1299 obtinere
338 1270 442 1299 iussus
458 1270 643 1307 Antigonus:
668 1271 696 1298 in
714 1270 830 1300 Cariam
847 1271 1032 1305 Cassander,
1048 1270 1110 1298 Me-

94 1315 110 1340 3
122 1311 238 1341 nander
253 1312 283 1340 in
297 1312 425 1349 Lydiam
446 1311 549 1341 missi:
571 1311 733 1350 Phrygiam
749 1312 896 1342 minorem
911 1313 1111 1348 Hellesponto

122 1352 294 1383 adiunctam
309 1353 455 1382 Leonnati
471 1353 659 1390 provinciam
674 1361 745 1383 esse
761 1354 929 1384 iusserunt:
952 1353 1111 1390 Cappado-

122 1394 303 1424 ciaEumEni
317 1402 383 1423 eum
397 1394 604 1431 Paphlagonia
619 1395 721 1430 cessit,
731 1399 991 1432 praeceptumque
1003 1400 1064 1430 est,
1081 1398 1113 1425 ut

121 1436 276 1473 regionem
301 1444 367 1465 eam
387 1444 488 1473 usque
508 1436 548 1465 ad
568 1438 758 1473 Trapezunta
780 1438 972 1474 defenderet,
1000 1437 1111 1466 bellum

123 1485 192 1506 curn
217 1477 376 1507 Ariarathe
403 1482 538 1515 gereret:
564 1479 650 1508 solus
670 1478 719 1508 hic
735 1479 922 1508 detrectabat
942 1478 1110 1516 imperium.

93 1531 109 1550 ε
119 1519 225 1548 Pithon
241 1519 380 1554 Mediam,
397 1519 599 1557 Lysimachus
614 1520 770 1550 Thraciam
785 1521 1009 1558 appositasque
1020 1521 1111 1550 Thra-

122 1560 188 1590 ciae
208 1560 348 1591 Ponticas
370 1566 478 1598 gentes
501 1561 639 1591 obtinere
660 1561 746 1591 iussi.
791 1562 848 1598 Qui
870 1563 974 1592 Indiae
997 1562 1112 1600 quique

120 1602 239 1632 Bactris
254 1607 284 1632 et
299 1602 461 1639 Sogdianis
475 1602 648 1640 ceterisque
663 1608 715 1633 aut
729 1603 842 1633 Oceani
858 1609 908 1634 aut
923 1604 1005 1634 rubri
1020 1603 1111 1633 maris

121 1643 238 1673 accolis
254 1648 432 1681 praeerant,
455 1644 565 1681 quibus
582 1645 713 1682 quisque
733 1646 846 1675 finibus
866 1646 1039 1682 habuisset,
1058 1646 1111 1675 im-

122 1685 198 1722 perii
214 1685 304 1715 etiam
320 1685 367 1715 ius
383 1686 563 1722 obtinerent,
582 1687 738 1717 decretum
753 1691 816 1717 est:
836 1687 981 1718 Perdicca
996 1692 1028 1718 ut
1043 1696 1110 1717 clun
