1215 1895
159 99 231 128 LlB.
254 98 302 127 111.
326 97 407 127 CAP.
431 97 466 134 11,
490 96 641 127 l—CAP.
657 96 705 132 111,
727 101 751 126 1.
772 98 818 125 [¹¹¹.
835 98 894 120 ⁴-fl-
915 98 953 124 2·]
1060 94 1078 125 5

90 175 155 204 dire
172 175 247 204 nolis
271 178 299 205 et
315 182 376 211 eqo,
399 175 458 204 nisi
471 182 550 203 nunc
567 174 681 209 dixero,
702 174 779 202 ulios
796 174 988 210 nequicquam
1005 180 1080 202 con-

52 217 198 252 l2fitebor.
236 216 294 246 Hic
312 217 387 246 tanti
402 218 569 253 apparatus
585 217 747 250 exercitus,
763 216 838 244 haec
854 218 894 245 tot
907 215 1036 251 pennum
1053 217 1082 244 et

5 255 8 261 ⁴
91 259 174 288 lolius
199 260 321 288 orientis
338 258 437 287 excita
454 257 570 286 sedibus
586 258 647 286 suis
663 258 751 286 moles
764 258 896 293 finitimis
908 260 1004 293 potest
1019 264 1081 286 esse

90 300 246 330 terribilis:
261 302 332 330 nitet
343 307 485 337 purpura
503 306 641 335 auroque,
656 298 755 335 fulqet
770 300 862 328 armis
878 303 906 328 et
921 299 1080 336 opulentia,

91 345 232 379 quantam
243 343 296 379 qui
304 343 394 371 ocutis
405 349 462 370 non
474 341 630 382 subiecere,
649 341 755 370 animis
771 341 927 377 concipere
940 348 997 369 non
1007 348 1080 377 pos-

6 391 7 406 1
53 388 82 415 13
90 387 164 413 sunt.
204 383 265 413 Sed
281 383 476 413 Muced6num
498 384 591 416 acies,
611 387 693 412 torva
708 391 781 412 sane
798 386 826 412 et
842 383 961 417 inculta,
970 382 1081 420 clypeis

89 426 237 462 hastisque
250 425 406 454 immobiles
417 432 524 454 cuneos
533 429 561 454 et
574 424 711 460 conserta
728 425 835 454 robora
854 425 982 454 virorum
1002 424 1081 460 teqit.

90 467 155 504 Ipsi
174 467 355 504 phalanqem
380 470 496 501 vocant,
519 467 651 503 peditum
674 467 778 496 stabile
795 474 918 503 clamen:
942 467 987 494 vir
1010 466 1080 500 viro,

92 509 184 538 armis
194 517 281 538 arma
296 512 431 538 conserta
445 512 528 537 sunt:
547 508 590 537 ud
605 512 705 537 nutum
724 509 865 537 monentis
882 509 986 538 intenti
1000 508 1083 544 sequi

54 550 82 576 14
92 552 186 587 siqna,
207 551 327 580 ordines
343 559 464 580 servare
484 550 660 580 didicerunt.
695 550 779 585 Quod
794 552 966 587 imperatur,
984 557 1082 579 omnes

89 593 271 622 exaudiunt:
282 593 426 628 obsistere,
438 593 603 627 circumire,
624 593 793 622 discurrere
812 594 840 621 in
853 600 953 627 cornu,
966 594 1082 621 mutare

0 636 6 661 l
51 639 220 671 15puynam
249 643 306 664 non
324 635 413 664 duces
425 635 520 671 mayis
540 642 628 671 quam
644 636 749 664 milites
760 636 876 664 callent.
898 633 942 663 Ac
959 642 996 663 ne
1013 634 1082 662 auri

91 678 264 713 amentique
275 677 369 706 studio
382 677 476 706 teneri
485 679 581 713 putes,
601 676 700 706 adhuc
712 678 763 705 illa
776 676 934 713 disciplina
940 684 1078 712 pauper-

91 721 150 747 tate
161 719 304 754 magistra
316 719 399 748 stetit.
433 718 578 754 Fatiyatis
591 718 695 747 humus
705 718 798 747 cubile
816 722 873 747 est:
890 717 980 753 cibus,
998 725 1081 754 quem

90 761 353 797 occupatiparant,
372 761 476 789 satiat:
494 763 626 796 tempora
643 761 736 789 somni
752 761 866 789 artiora
883 767 970 796 quam
991 760 1081 788 noctis

53 801 82 828 16
91 805 165 831 sunt.
197 801 265 830 Iam
287 801 421 831 Thessali
435 802 545 838 equites
562 805 590 830 ct
607 802 781 831 Acarnanes
799 802 955 837 Aetolique,
975 802 1080 830 invicta

90 843 162 873 bello
173 851 285 878 manus,
298 843 413 879 fundis,
426 843 524 877 credo,
537 846 564 872 et
575 844 666 873 hastis
680 845 748 880 igne
759 844 874 872 duratis
886 841 1082 879 repellentur?

91 885 166 914 Pari
174 885 278 915 robore
289 893 363 922 opus
372 888 422 914 est.
455 885 492 914 In
505 886 557 914 illa
573 889 663 919 terra,
677 893 753 922 quae
771 886 823 914 hos
837 886 947 922 genuit,
965 886 1082 914 auxilia

90 927 263 963 quaerenda
280 931 363 956 sunt:
382 931 536 963 arpentum
555 927 633 956 istud
643 931 730 964 utque
740 936 846 956 aurum
860 927 902 956 ad
912 927 1077 956 conducen-

92 1009 150 1040 nisi
166 1014 357 1040 mansuetam
375 1014 512 1040 naturam
530 1012 710 1048 plerumque
727 1012 847 1040 fortuna
864 1014 1082 1047 corrumperet.

91 1052 195 1089 ltaque
226 1052 361 1083 veritatis
391 1052 552 1089 impatiens
579 1053 731 1089 hospitem
757 1061 792 1081 ae
819 1052 989 1089 supplicem
1013 1057 1084 1081 tunc

90 1095 315 1132 quummaxime
328 1095 411 1125 utilia
425 1097 605 1126 suadentem
619 1093 753 1124 abstrahi
776 1094 865 1123 iussit
885 1095 924 1123 ad
954 1093 1083 1130 capitale

53 1139 83 1166 18
92 1135 285 1173 supplicium.
321 1137 373 1165 llle
390 1144 427 1165 ne
444 1140 504 1165 tum
522 1136 643 1172 quidem
661 1135 806 1165 libertatis
824 1135 950 1170 oblitus,
972 1136 1082 1170 Habeo,

92 1177 198 1214 inquit,
211 1182 352 1214 paratum
372 1179 471 1207 mortis
489 1186 571 1207 meae
590 1180 728 1207 ultorem:
747 1181 863 1215 expetet
880 1186 992 1214 poenas
1009 1186 1083 1207 con-

91 1221 151 1249 silii
161 1221 218 1248 mei
226 1222 320 1256 spreti
330 1221 354 1248 is
370 1221 439 1256 ipse,
458 1223 561 1249 contra
573 1228 657 1256 quem
669 1221 721 1249 tibi
730 1221 820 1249 suasi.
847 1220 890 1249 Tu
908 1220 1025 1256 quidem
1043 1221 1083 1249 li·-

91 1262 186 1290 centia
205 1263 292 1297 reqni
305 1266 363 1290 tam
383 1262 474 1291 subito
496 1265 624 1291 mutatus
646 1262 848 1292 documentum
870 1263 929 1291 eris
946 1262 1082 1298 posteris,

91 1303 226 1338 homines,
238 1312 326 1340 quum
338 1312 368 1332 se
375 1305 540 1340 permisere
548 1304 699 1339 fortunae,
715 1305 802 1333 etiam
820 1306 959 1333 naturam
980 1304 1083 1332 dedis—

91 1386 161 1415 laut.
184 1385 260 1416 Sera
273 1386 382 1416 deinde
397 1386 582 1423 poenitentia
598 1387 677 1417 subit
694 1396 806 1424 regem,
824 1395 860 1416 ac
877 1395 949 1417 vera
965 1386 1083 1416 dixisse

92 1428 254 1458 confessus
270 1428 391 1466 sepeliri
410 1437 478 1457 eum
494 1428 591 1458 iussit.

484 1496 576 1524 CAP.
600 1497 649 1524 Ill.

71 1557 80 1582 1
174 1553 220 1589 (6)
241 1554 414 1592 Thynffides
429 1559 501 1589 erat,
525 1554 669 1584 Ment6ris
686 1554 775 1590 filius,
797 1553 925 1591 impiger
948 1553 1082 1583 iuvenis:

92 1594 140 1624 cui
155 1600 352 1632 praeceptum
369 1600 448 1626 esta
469 1604 556 1633 rege,
579 1601 611 1626 ut
632 1604 738 1626 omnes
760 1595 941 1633 peregrinos
963 1595 1082 1631 milites,

92 1635 121 1665 in
139 1635 207 1673 quis
222 1637 384 1674 plurimum
399 1638 531 1667 habebat
554 1638 636 1674 spei,
661 1646 679 1667 a
700 1637 896 1667 Pharnabazo
919 1637 1082 1674 acciperet,

92 1686 186 1715 opera
202 1687 307 1708 eorum
323 1688 436 1709 usurus
453 1679 481 1709 in
498 1680 594 1709 bello:
618 1680 678 1716 ipsi
699 1679 895 1709 Pharnabfizo
919 1679 1007 1709 tradit
1029 1678 1082 1707 im⁴

89 1719 218 1758 perium,
236 1721 319 1758 quod
334 1726 424 1752 antea
439 1722 589 1752 Memndni
607 1722 744 1751 dederat.
