1215 1905
257 102 329 132 LIB.
341 100 394 130 VI.
418 99 501 129 CAP.
516 99 565 135 Xl,
584 103 685 128 1—22.
701 109 750 136 tvi,
762 108 846 131 ‹tl-48.
860 108 900 134 Ζ]
1011 97 1072 128 137

35 182 69 209 12
77 185 145 207 nem
161 176 199 206 de
213 175 327 206 Philota
342 175 514 204 habendam
536 179 733 211 consurgunt.
777 176 860 211 Rex,
883 174 1005 205 Cratero
1021 183 1070 204 ac-

79 218 190 249 cersito
206 222 236 248 et
251 225 394 247 sermone
409 216 528 251 habito,
552 216 639 246 cuius
656 225 774 246 summa
790 225 849 246 non
867 216 947 246 edita
962 220 1024 253 est,
1039 216 1070 245 in

77 260 212 290 intimam
229 258 390 289 diversorii
407 262 523 295 partem
539 257 671 288 secessit
686 263 730 294 et,
749 258 874 288 remotis
890 258 1026 292 arbitris,
1040 258 1070 287 in

38 303 200 334 ismultam
216 306 337 330 noctem
354 299 545 337 quaestionis
562 300 737 337 expectavit
752 305 904 330 eventum.
927 300 1070 330 Tortores

78 344 108 374 in
134 347 336 380 conspectum
361 341 494 370 Philotae
523 341 624 370 omnia
654 341 841 371 crudelitatis
871 342 1070 372 instrumenta

38 391 69 417 14
78 389 262 423 proponunt.
284 385 321 413 Et
337 383 386 412 ille
402 384 494 418 ultro,
514 383 591 418 Ouid
602 385 735 419 cessatis,
749 383 860 420 inquit,
875 386 955 421 τεαῖς
968 385 1071 413 inimi—

77 435 157 462 cum,
183 426 414 462 interfectorem,
436 427 618 460 confitentem
636 424 793 455 occidere?
820 426 892 462 quid
904 427 1073 463 quaestione

77 477 151 506 opus
161 467 225 498 est?
249 469 383 505 coyitavi,
398 468 484 496 volui.
527 466 668 496 Craterus
685 466 822 503 exigere,
839 472 885 504 ut,
904 475 982 504 quae
999 475 1070 496 con-

40 512 230 545 15fiteretur,
252 509 281 538 in
302 508 461 539 tormentis
483 517 609 545 quoque
631 508 755 538 diceret.
798 509 876 538 Dum
900 509 1072 546 corripitur,

82 553 153 582 dum
177 551 346 588 obligantur
367 550 463 586 oculi,
486 550 557 580 dum
579 550 675 579 vestis
697 550 830 586 exuitur,
853 551 929 580 deos
944 550 1071 587 patrios,

80 593 214 631 gentium
237 593 301 622 iura
323 592 528 630 nequicquam
549 592 632 629 apud
654 592 763 621 surdas
784 600 874 622 aures
896 591 1073 621 invocabat.

80 636 137 665 Per
159 635 280 664 ultimos
303 634 414 664 deinde
431 634 600 670 cruciatus,
630 637 735 671 utpote
752 638 781 663 et
796 634 957 663 damnatus
973 639 1002 664 et
1017 633 1071 662 ini-

40 682 72 709 16
80 677 166 707 micis
183 677 213 706 in
228 676 354 713 gratiam
370 676 450 712 regis
467 674 695 712 torquentibus,
710 676 869 705 laceratur.
903 677 949 704 Ae
964 675 1072 712 primo,

82 726 267 756 quamquam
282 718 354 747 hinc
369 717 456 755 ignis,
473 717 555 746 illinc
570 717 699 747 verbera
714 716 774 746 iam
788 726 849 747 non
865 717 904 746 ad
917 717 1071 754 quaestio-

81 769 160 796 nem,
177 761 232 790 sed
248 760 286 789 ad
303 768 434 797 poenam
450 759 682 795 ingerebantur,
697 767 757 788 non
773 767 882 788 vocem
898 759 999 795 modo,
1016 759 1071 788 sed

38 807 69 834 17
81 803 171 832 etiam
193 801 322 839 gemitus
344 801 448 830 habuit
475 800 505 829 in
527 805 694 837 potestate:
723 801 778 830 sed
804 805 969 838 postquam
995 800 1068 830 intu-

81 851 223 874 mescens
240 851 354 880 corpus
370 841 525 872 ulceribus
542 842 730 878 flagellorum
747 842 825 871 ictus
842 842 931 872 nudis
948 842 1072 872 ossibus

81 885 225 915 incussos
242 885 320 914 ferre
338 892 398 913 non
415 887 543 921 poterat,
559 883 585 913 si
602 883 758 913 tormentis
771 883 933 914 adhibituri
949 884 1072 913 modum

41 931 195 963 18essent,
211 926 360 956 dicturum
374 935 418 962 se,
435 934 513 962 quae
529 925 608 955 scire
621 930 808 962 expeterent,
824 926 993 962 pollicetur.
1011 925 1072 954 Sed

82 970 173 999 finem
196 967 367 1005 quaestioni
390 969 470 1003 sore,
492 967 592 997 iurare
614 976 669 997 eos
691 975 746 1004 per
761 968 928 997 Alexandri
944 968 1073 997 salutem

81 1011 204 1040 volebat
218 1010 431 1047 removerique
448 1014 588 1038 tortores.
610 1009 647 1039 Et
662 1014 792 1046 utroque
808 1009 978 1046 impetrato,
995 1009 1072 1038 Cra—

40 1057 72 1084 19
80 1054 153 1088 le‘re,
176 1052 288 1090 inquit,
318 1053 380 1086 dic,
407 1052 479 1088 quid
500 1059 545 1080 me
570 1053 639 1081 velis
661 1052 769 1081 de‘cere.
807 1052 861 1081 Illo
887 1051 1073 1088 indignante,

81 1094 231 1124 ludificari
246 1102 330 1129 eum,
352 1101 521 1129 rursusque
539 1097 703 1122 revocante
718 1097 865 1128 tortores,
885 1097 1004 1130 tempus
1021 1101 1073 1130 pe-

80 1142 144 1166 tere
160 1135 277 1173 coepit,
299 1136 370 1165 dum
386 1134 538 1171 reciperet
553 1134 708 1171 spiritum,
733 1139 856 1170 cuncta,
875 1143 954 1171 quae
971 1134 1072 1170 sciret,

81 1178 280 1208 indicaturus.

38 1225 73 1251 20
157 1219 279 1249 Interim
296 1218 432 1256 equites,
455 1217 664 1248 nobilissimus
682 1217 830 1255 quisque,
853 1223 882 1248 et
897 1217 918 1247 ii
933 1217 1074 1253 maxime,

83 1262 134 1298 qui
162 1261 390 1291 Parmenionem
422 1260 598 1297 propinqua
633 1260 816 1297 cognatione
849 1259 1074 1296 contingebant,

81 1308 245 1341 postquam
261 1303 404 1332 Philotam
421 1301 555 1338 torqueri
572 1303 651 1331 sama
672 1303 866 1339 vulgaverat,
891 1303 989 1338 legem
1010 1301 1072 1330 Ma-

83 1346 231 1375 cedonum
247 1344 344 1381 veriti,
362 1353 423 1382 qua
439 1347 559 1373 cautum
572 1348 644 1381 erat,
660 1347 693 1373 ut
708 1343 874 1381 propinqui
890 1351 1005 1378 eorum,
1022 1341 1074 1379 qui

81 1386 146 1424 regi
161 1386 294 1417 insidiati
317 1390 435 1422 essent,
458 1394 527 1415 cum
549 1385 626 1422 ipsis
649 1390 844 1421 necarentur,
869 1385 919 1414 alii
935 1393 969 1415 se
984 1385 1074 1414 inter-

82 1429 197 1465 ficiunt,
213 1428 263 1458 alii
277 1428 307 1457 in
319 1427 427 1458 devios
439 1432 559 1457 montes
572 1432 739 1464 vastasque
752 1427 933 1457 solitudines
947 1426 1075 1463 fugiunt,

81 1470 194 1507 ingenti
212 1479 267 1507 per
282 1475 344 1500 tota
360 1474 460 1499 castra
475 1474 590 1499 terrore
606 1469 735 1499 diffuso:
753 1469 852 1498 donec
868 1477 931 1504 rex,
947 1468 1074 1497 tumultu

83 1512 222 1549 cognito,
249 1513 347 1548 legem
370 1512 408 1540 de
430 1511 581 1548 supplicio
609 1511 839 1540 coniunctorum
867 1509 1005 1540 sontibus
1027 1518 1073 1538 re-

82 1554 200 1584 mittere
216 1553 320 1583 edixit.

39 1601 71 1627 21
159 1595 226 1632 (43)
247 1595 379 1624 Philotas
402 1603 517 1624 verone
539 1603 576 1623 an
599 1595 758 1624 mendacio
780 1594 908 1623 liberare
924 1600 958 1623 se
974 1601 992 1622 a
1007 1601 1070 1623 cru-

82 1637 162 1667 ciatu
183 1637 329 1672 voluerit,
356 1644 472 1674 anceps
492 1636 667 1666 coniectura
694 1641 756 1672 est,
784 1635 927 1673 quoniam
952 1639 981 1665 et
1001 1643 1074 1664 vera

82 1678 237 1709 confessis
252 1683 282 1708 et
298 1679 374 1708 salsa
391 1678 563 1708 dicentibus
579 1678 658 1708 idem
676 1678 791 1708 doloris
803 1677 872 1707 finis
889 1677 1074 1707 ostenditur:

39 1725 73 1752 22
81 1725 230 1757 ceterum,
251 1721 356 1757 Pater,
378 1720 491 1757 inquit,
507 1729 587 1750 meus
598 1720 761 1757 Heyelb‘cho
778 1728 866 1757 quam
880 1720 1078 1756 familiariter
