1215 1905
146 101 204 132 176
485 101 517 137 Q.
541 101 694 130 CURTII
716 100 823 130 RUFI

145 179 191 207 nis
208 185 308 211 rarae,
331 177 430 213 ipsum
445 184 546 212 regem
563 176 724 205 invasurus
740 176 920 211 incurreret,
945 177 1021 206 forte
1035 172 1124 214 Lysi-

143 219 284 252 machus,
309 217 359 254 qui
374 221 482 254 postea
499 217 650 254 regnavit,
672 217 829 254 proximus
845 218 1019 247 Alexandro
1031 225 1123 246 vena-

143 261 247 289 bulum
263 258 396 288 obiicere
411 260 492 288 ferae
508 263 660 296 coeperat.
705 259 769 294 Quo
786 267 842 287 rex
856 259 980 295 repulso
996 262 1026 287 et
1039 258 1122 287 abire

144 301 229 331 iusso
246 299 370 336 adiecit,
398 304 456 329 tam
472 309 490 329 a
505 305 601 329 semet
616 309 692 336 uno,
719 308 809 337 quam
824 308 842 329 a
858 299 1038 337 Lysimacho
1060 300 1122 329 leo-

145 350 213 371 nem
229 341 355 371 interfici
371 350 475 378 posse.
518 341 719 378 Lysimachus
741 341 819 371 enirn
842 341 1009 378 quondam⁷
1032 350 1124 377 quum
1133 346 1164 372 15

144 387 306 412 venaretur
320 383 350 411 in
366 382 471 419 Syria,
496 383 650 412 occiderat
665 383 788 420 quidem
800 382 928 412 eximiae
943 382 1122 418 magnitudi-

143 424 190 454 nis
206 425 300 453 seram
316 425 415 459 solus,
438 424 494 453 sed
509 425 595 454 laevo
612 424 737 454 humero
753 432 851 460 usque
866 424 905 452 ad
922 432 994 453 ossa
1009 425 1122 454 lacera-

143 470 192 496 tus
209 466 248 494 ad
262 465 396 495 ultimum
411 465 538 502 periculi
553 470 741 502 pervenerat.
770 465 803 494 ld
819 465 919 502 ipsum
934 465 1123 501 exprobrans
1132 469 1164 495 16

142 506 171 536 ei
186 515 240 536 rex
256 507 371 543 fortius,
389 515 478 543 quam
494 508 612 536 locutus
629 512 683 543 est,
700 507 778 536 fecit.
800 507 874 535 Nam
888 507 980 536 seram
993 514 1054 535 non
1070 515 1122 536 ex-

142 549 224 586 cepit
247 549 352 583 modo,
378 549 434 578 sed
459 548 547 577 etiam
573 557 632 578 uno
660 550 784 578 vulnere
810 547 930 577 occidit.
970 547 1123 584 Fabulam,
1133 552 1163 578 17

144 598 222 627 quae
239 589 388 620 obiectum
404 589 485 619 leoni
500 598 518 618 a
532 598 604 626 rege
618 589 833 627 Lysimachum
854 594 965 618 temere
979 589 1122 626 vulgavit,

141 632 180 660 ab
198 640 234 661 eo
251 639 340 667 casu,
357 639 447 668 quem
463 639 556 668 supra
571 630 719 667 diximus,
736 635 830 661 ortam
847 639 916 660 esse
933 630 1121 660 crediderim.

142 673 280 702 Ceterum
295 672 493 707 Macedones,
517 680 699 709 quamquam
721 681 872 710 prospero
891 677 1001 702 eventu
1017 672 1123 701 defun·
1131 676 1164 702 18

142 718 208 744 ctus
226 717 288 742 erat
302 714 491 749 Alexander,
516 718 616 743 tamen
631 714 750 743 scivere
765 714 863 751 gentis
879 722 953 743 suae
968 722 1067 749 more,
1084 721 1122 742 ne

141 760 192 785 aut
217 755 313 792 pedes
339 759 499 785 venaretur
529 760 580 785 aut
601 755 668 785 sine
690 755 815 785 delectis
836 755 1006 792 principum
1031 759 1121 791 atque

141 797 314 826 amicorum.
357 797 424 831 Ille,
446 798 488 825 IV
508 797 627 826 milibus
650 798 779 826 ferarum
802 797 941 832 deiectis,
964 797 991 825 in
1015 796 1122 825 eodem
1132 799 1162 825 19

142 839 220 868 saltu
235 846 302 868 cum
317 842 379 868 toto
395 838 530 867 exercitu
545 839 684 875 epulatus
701 843 756 868 est.

224 880 269 916 (3)
291 880 364 908 Inde
378 879 562 908 Maracanda
576 879 705 909 reditum
719 884 780 909 est:
803 883 991 916 acceptaque
1014 877 1120 908 aetatis

141 920 339 950 excusatione
359 921 397 950 ab
418 921 568 950 Artabazo
592 921 780 958 provinciam
804 920 869 950 eius
889 921 1020 950 destinat
1035 919 1119 949 Clito.

140 962 196 991 Hic
216 966 294 998 erat,
317 962 368 998 qui
389 963 472 999 apud
493 962 654 991 Granicum
675 970 793 991 amnem
809 962 890 991 nudo
908 962 1005 998 capite
1021 965 1163 997 regem20

141 1003 333 1033 dimicantem
346 1004 455 1040 clypeo
470 1012 526 1033 suo
541 1003 615 1034 texit
627 1008 656 1033 et
667 1003 817 1032 Rhosacis
834 1011 953 1032 manum
969 1002 1060 1039 capiti
1075 1010 1121 1031 re-

140 1045 187 1081 gis
214 1044 416 1074 imminentem
443 1045 543 1082 gladio
571 1044 750 1081 amputavit:
776 1049 864 1074 vetus
885 1044 1014 1081 Philippi
1034 1043 1120 1073 miles

142 1087 304 1123 multisque
316 1086 433 1116 bellicis
446 1086 590 1123 operibus
603 1087 712 1116 clarus.
725 1086 891 1122 Hellanice,
904 1094 983 1122 quae
992 1085 1122 1114 Alexan·
1130 1088 1158 1114 21

142 1129 229 1157 drum
245 1128 441 1163 educaverat.
465 1136 552 1157 soror
567 1128 648 1162 eius,
670 1128 752 1157 haud
773 1135 863 1157 secus
885 1135 976 1164 quam
996 1131 1091 1156 mater
1105 1135 1123 1154 a

141 1177 213 1206 rege
229 1169 416 1206 diligebatur.
441 1169 484 1198 Ob
498 1170 554 1199 has
567 1177 677 1199 causas
691 1168 907 1198 validissimam
922 1168 1040 1205 imperii
1053 1176 1121 1205 par-

142 1216 200 1240 tem
216 1211 287 1240 fidei
304 1210 369 1240 eius
385 1212 555 1248 tutelaeque
572 1211 731 1240 commisit.
765 1212 889 1248 Iamque
904 1210 960 1240 iter
975 1218 1081 1247 parare
1093 1208 1162 1238 inm

141 1257 297 1289 posterum
319 1252 422 1281 iussus
444 1252 582 1282 sollemni
598 1257 627 1281 et
642 1252 821 1289 tempestivo
844 1252 1004 1281 adhibetur
1019 1250 1121 1280 convi-

141 1294 201 1323 vio.
223 1294 256 1322 1n
273 1302 333 1330 quo
346 1303 410 1331 rex,
421 1302 512 1330 quum
527 1294 619 1323 multo
636 1293 814 1323 incaluisset
828 1301 925 1328 mero,
942 1292 1121 1322 immodicus

141 1335 315 1364 aestimator
331 1334 392 1368 sui,
416 1335 586 1370 celebrare,
610 1343 688 1372 quae
703 1339 855 1372 gesserat,
881 1334 995 1371 coepit,
1019 1333 1121 1370 gravis

141 1376 231 1405 etiam
247 1384 350 1406 eorum
367 1377 505 1411 auribus⁷
523 1377 575 1413 qui
592 1377 776 1412 sentiebant,
793 1385 864 1406 vera
879 1376 1047 1406 memorari.
1077 1374 1162 1404 Si-23

142 1418 265 1447 lentium
287 1422 385 1447 tamen
403 1418 536 1447 habuere
553 1418 700 1453 seniores,
716 1419 814 1448 donec
823 1418 952 1454 Philippi
969 1426 1018 1447 res
1032 1424 1120 1446 orsus

142 1459 280 1488 obterere
302 1459 432 1489 nobilem
455 1460 537 1496 apud
555 1460 758 1489 Chaeroneam
779 1459 934 1489 victoriam
957 1459 1004 1488 sui
1020 1458 1121 1495 operis

142 1500 237 1529 fuisse
256 1500 378 1530 iactavit
396 1502 629 1538 ademptamque
642 1501 699 1530 sibi
711 1501 894 1538 malignitate
903 1505 932 1530 ct
943 1500 1057 1530 invidia
1069 1507 1119 1536 pa-

141 1541 193 1570 tris
210 1546 309 1571 tantae
324 1542 368 1571 rei
384 1542 517 1578 gloriam.
541 1543 629 1573 Illum
645 1543 782 1579 quidem,
804 1542 953 1572 seditione
969 1543 1045 1571 inter
1059 1541 1162 1569 Ma-24

141 1583 273 1612 ccdones
289 1583 397 1613 milites
412 1589 441 1613 et
456 1584 591 1613 Graecos
612 1585 815 1614 mercenarIos
835 1588 913 1619 orta,
936 1583 1119 1613 debilitatum

141 1624 279 1659 vulnere,
308 1626 390 1661 quod
412 1625 441 1654 in
464 1634 500 1654 ea
515 1625 762 1655 consternatione
778 1629 951 1662 acceperat,
978 1623 1119 1658 iacuisse,

141 1673 200 1694 non
217 1665 275 1694 alia
291 1674 323 1695 re
340 1675 429 1702 quam
446 1666 638 1696 simulatione
660 1667 764 1696 mortis
785 1666 938 1696 tutiorem:
958 1673 991 1695 se
1007 1672 1120 1701 corpus

140 1705 207 1735 eius
223 1707 396 1743 protexisse
413 1709 522 1745 clypeo
540 1717 596 1737 suo
613 1712 798 1744 ruentesque
814 1708 842 1736 in
859 1707 941 1736 illum
957 1715 1014 1736 sua
1028 1714 1122 1735 manu
