1215 1895
177 79 250 109 LlB.
267 78 317 107 1v.
334 77 415 107 CAP.
431 77 480 113 xl,
498 76 667 107 16—CAP.
684 76 746 112 ΧΙΙ,
764 81 804 106 12.
821 87 868 113 nv,
885 88 918 109 u.
936 88 968 109 45.
991 86 1028 112 z.1
1082 77 1122 108 61

127 155 292 193 persolutis
308 152 452 189 omnique
467 151 608 189 graviore
630 152 774 182 comitatu
795 152 872 182 intra
893 153 1000 182 eadem
1024 152 1120 182 muni⁴⁴

125 201 226 227 menta
242 205 310 225 cum
332 195 453 224 modico
474 193 629 231 praesidio
646 193 768 230 relicto,
794 195 832 223 ad
855 195 974 224 hostem
996 199 1121 224 conten-

96 244 114 270 3
125 239 176 268 dit.
211 239 243 267 In
257 239 318 267 duo
331 243 446 266 cornua
458 236 605 266 diviserat
619 235 762 272 peditem,
779 236 900 273 utrique
917 236 1001 266 lateri
1016 236 1121 273 equite

96 281 328 311 4circumdato:
355 277 571 315 impedimenta
593 277 802 314 sequebantur
817 286 935 315 agmen.
971 278 1119 308 Praemis-

126 331 193 352 sum
209 321 320 352 deinde
337 327 404 349 cum
421 319 487 349 citis
510 318 663 356 equitibus
678 318 821 348 Menidan
843 319 927 350 iubet
948 321 1119 357 explorare,

125 364 177 394 ubi
202 364 318 393 Dareus
344 365 436 391 esset.
469 364 509 390 At
530 361 595 396 ille,
627 369 720 398 quum
742 361 886 392 Mazaeus
909 362 990 391 haud
1012 362 1120 399 procul

126 405 334 439 consedisset,
351 411 411 432 non
428 412 524 433 ausus
541 404 616 432 ultra
633 403 810 440 procedere,
835 405 906 433 nihil
922 404 1003 433 aliud
1028 412 1118 440 quam

126 447 274 477 fremitum
289 445 443 476 hominum
458 445 668 481 hinnitumque
683 453 831 482 equorum
854 446 1021 476 exaudisse
1044 454 1119 475 nun—

96 496 112 520 5
125 490 185 519 tiat.
221 489 365 517 Mazaeus
382 495 521 524 quoque,
545 487 722 524 conspectis
739 488 846 524 procul
862 488 1119 525 exploratoribus,

125 531 154 561 in
181 535 283 560 castra
305 538 338 559 se
365 529 497 565 recepit,
524 529 675 558 adventus
701 529 833 558 hostium
855 530 987 559 nuntius.
1026 529 1120 566 Igitur

124 573 256 608 Dareus,
281 571 332 609 qui
354 571 382 600 in
401 570 574 608 patentibus
590 570 708 608 campis
723 571 890 601 decernere
906 572 1045 608 optabat,
1071 579 1118 600 ar-

95 614 199 647 amari
223 614 347 643 militem
373 613 456 642 iubet
480 612 640 649 aciemque
666 613 811 649 disponit.
847 614 880 642 ln
907 614 995 643 laevo
1023 621 1120 643 cornu

124 655 276 686 Bactriani
291 656 374 684 ibant
388 654 517 691 equites,
534 654 614 684 mille
629 655 802 691 admodum,
819 656 923 685 Dahae
939 655 1072 690 totidem,
1090 660 1121 685 et

123 697 287 728 Arachosii
303 697 488 733 Susianique
502 700 643 733 quattuor
655 697 736 726 milia
748 698 920 734 explebant.
954 698 1018 727 Hos
1032 697 1119 734 quin-

125 740 272 778 quaginta
286 739 386 769 faleati
402 747 510 768 currus
527 739 743 775 sequebantur.
779 739 938 769 Proximus
961 739 1119 776 quadrigis

125 786 189 812 erat
207 782 326 811 Bessus
348 788 416 809 eum
440 785 508 810 octo
533 780 655 810 milibus
680 781 816 817 equitum
842 781 913 811 item
938 781 1118 811 Bactrianis.

95 827 110 854 7
123 823 315 861 Massagetae
336 823 458 852 duobus
474 822 595 852 milibus
617 830 725 859 agmen
747 823 814 853 eius
837 823 1028 853 claudebant.
1065 823 1119 852 Pe-

125 865 202 895 dites
218 865 264 894 his
281 864 413 902 plurium
427 864 561 901 gentium
577 872 639 894 non
654 864 824 902 immixtos,
852 866 907 895 sed
929 873 1004 895 suae
1026 874 1114 902 quas-

126 915 185 945 que
200 906 331 937 nationis
347 906 486 936 iunxerat
502 906 619 943 copias.
655 906 764 936 Persas
787 908 898 936 deinde
919 915 988 937 cum
1002 907 1118 936 Mardis

96 954 113 979 8
126 948 353 986 Sogdianisque
368 948 594 978 Ariobarzanes
611 953 641 978 et
655 948 858 979 Orontobates
875 949 1036 979 ducebant.
1073 949 1117 977 Illi

125 991 262 1028 partibus
277 990 450 1028 copiarum,
480 998 616 1020 surmnae
634 990 761 1020 Orsines
776 995 931 1028 praeerat,
960 999 978 1020 a
999 996 1118 1028 septem

123 1032 224 1063 Persis
247 1032 411 1067 oriundus,
437 1032 474 1061 ad
490 1032 601 1068 Cyrum
619 1040 750 1068 quoque.
768 1032 990 1062 nobilissimum
1004 1040 1117 1069 regem,

96 1074 271 1111 9originem
288 1075 336 1104 sui
350 1075 496 1103 referens.
531 1074 596 1103 Hos
623 1072 700 1103 aliae
721 1078 843 1111 gentes,
871 1082 910 1103 ne
934 1073 1029 1104 sociis
1052 1074 1119 1111 qui-

126 1117 195 1146 dem
218 1116 293 1145 satis
313 1119 416 1145 notae.
445 1115 661 1152 sequebantur.
696 1115 769 1145 Post
795 1124 872 1152 quas
898 1115 1119 1153 quinquaginta

126 1157 291 1196 quadrigas
307 1157 470 1187 Phradates
486 1166 596 1195 magno
614 1158 793 1195 Caspiorum
815 1157 934 1194 agmine
956 1158 1117 1187 antecede-

125 1200 185 1230 bat.
221 1199 287 1229 Indi
302 1199 457 1236 ceterique
478 1199 562 1229 rubri
583 1200 675 1229 maris
697 1200 836 1234 accolae,
864 1199 988 1229 nomina
1013 1199 1118 1229 verius

86 1247 117 1273 ιο
128 1251 218 1279 quam
234 1241 355 1271 auxilia.
369 1245 441 1278 post
457 1249 564 1271 currus
579 1246 673 1271 erant.
711 1241 914 1271 Claudebatur
933 1242 993 1271 hoc
1008 1249 1116 1279 agmen

125 1284 192 1314 aliis
210 1283 327 1313 falcatis
343 1283 481 1313 curribus
498 1283 732 1321 quinquaginta:
748 1283 818 1320 quis
834 1284 1027 1320 peregrinum
1042 1284 1118 1312 mili-

126 1330 186 1356 tem
201 1325 390 1355 adiunxerat.
426 1326 512 1355 Hunc
528 1325 679 1361 Armenii,
707 1334 786 1363 quos
802 1325 937 1355 minores
951 1326 1118 1363 appellant,

125 1368 288 1397 Armenios
303 1367 481 1406 Babylonii,
498 1372 648 1404 utrosque
662 1368 780 1397 Belitae
795 1372 824 1398 et
840 1367 892 1405 qui
908 1371 1027 1397 montes
1044 1367 1116 1397 Cos-

85 1415 115 1441 11
128 1417 268 1440 saeorum
296 1409 470 1439 incolebant
495 1410 711 1447 sequebantur.
753 1410 827 1440 Post
851 1410 909 1439 hos
934 1409 1018 1439 ibant
1044 1409 1117 1438 Gor-

125 1452 204 1485 tuae,
220 1452 318 1488 gentis
335 1451 457 1488 quidem
471 1451 636 1487 Euboicae,
648 1451 758 1481 Medos
772 1452 926 1488 quondam
939 1450 1045 1486 secuti,
1062 1451 1117 1480 sed

127 1494 185 1522 iam
210 1493 379 1530 degeneres
407 1497 435 1521 et
462 1493 549 1530 patrIi
575 1493 668 1523 moris
693 1493 799 1530 ignari.
842 1493 1042 1530 Applicuerat
1070 1492 1118 1522 his

124 1535 262 1572 Phrygas
284 1539 314 1565 et
335 1535 492 1564 Cataonas.
526 1535 755 1565 Parthienorum
778 1535 888 1564 deinde
914 1543 1006 1572 gens,
1032 1534 1117 1564 inco-

126 1577 250 1606 lentium
265 1581 378 1612 terras,
407 1585 485 1614 quas
505 1585 586 1606 nunc
605 1576 706 1606 Parthi
722 1577 848 1615 Scythia
861 1577 990 1614 profecti
1005 1580 1119 1614 tenent,

87 1623 118 1649 l‘z
128 1619 310 1648 claudebant
324 1627 441 1655 agmen.
479 1619 563 1649 Haec
579 1618 693 1649 sinistri
709 1627 820 1648 cornus
836 1619 918 1648 acies
935 1618 999 1649 ruit.
1037 1618 1118 1648 Dex-

126 1665 203 1690 trum
219 1661 363 1690 tenebant
377 1661 458 1690 natio
473 1660 597 1691 maioris
612 1660 775 1690 Armeniae
791 1660 976 1698 Cadusiique
996 1664 1027 1690 et
1041 1660 1118 1697 Cap-

128 1703 262 1739 padoces
277 1707 307 1732 et
321 1702 391 1741 Syri
408 1711 443 1732 ac
458 1703 548 1732 Medi.
577 1703 631 1732 His
648 1710 773 1740 quoque
789 1702 890 1732 falcati
906 1711 1013 1732 currus
1031 1702 1119 1739 quin·
