1215 1895
244 87 316 117 LlB.
333 88 384 116 lv.
407 86 488 116 CAP.
503 86 568 122 Vll,
585 89 687 116 5—26.
712 84 759 117 [1v‚
775 87 857 109 29-32.
879 85 917 112 z.]
1064 82 1107 113 49

113 164 295 194 Incredibile
312 163 402 198 dictu,
420 163 496 193 inter
511 166 615 192 vastas
631 162 811 192 solitudines
824 161 883 191 sita
895 161 1031 197 undique
1044 168 1105 189 am-

114 206 265 235 bientibus
282 205 382 240 ramis,
401 204 451 234 vix
466 205 496 233 in
510 205 638 234 densam
653 204 789 233 umbram
803 204 929 234 cadente
942 203 1016 239 sole,
1033 210 1104 232 con-

114 251 194 277 tecta
209 252 263 284 est,
281 247 425 284 multique
441 247 549 282 sontes,
567 245 707 276 dulcibus
724 246 812 283 aquis
829 245 945 282 passim
959 243 1106 274 mananti-

75 290 186 325 {7bus‚
210 290 293 319 alunt
314 289 417 318 silvas.
460 288 542 318 Coeli
565 296 689 325 quoque
712 288 785 316 mira
808 287 988 325 temperies,
1011 294 1106 316 verno

115 332 212 368 tepori
229 331 358 361 maxime
374 329 495 365 similis,
520 338 626 360 omnes
645 330 714 359 anni
730 333 832 366 partes
848 330 914 367 pari
930 329 1106 359 salubritate

75 378 106 403 18
113 373 270 410 percurrit.
311 373 445 402 Accolae
467 372 551 401 sedis
568 375 636 402 sunt
652 372 690 400 ab
707 372 820 401 oriente
836 371 967 408 proximi
983 370 1105 400 Aethio-

115 423 196 452 pum.
238 415 271 444 In
286 414 442 444 meridiem
458 422 579 443 versam
593 414 712 443 Arabes
736 417 890 450 spectant:
909 411 1106 451 Troglotlffrtis

115 464 283 494 cognomen
306 461 368 486 cst:
407 457 513 486 horum
535 456 618 492 regio
642 464 739 492 usque
760 457 799 485 ad
816 456 939 485 rubrum
955 463 1037 484 mare
1053 462 1104 483 ex-

75 502 105 529 19
113 498 212 528 currit.
233 500 272 528 At
288 507 348 535 qua
363 499 459 535 vergit
474 499 512 527 ad
530 498 727 532 occidentem,
744 498 793 526 alii
809 498 976 534 Aethiopes
993 497 1104 530 colunt,

113 548 191 577 quos
207 539 346 570 Scenitas
364 544 482 570 vocant.
537 543 562 568 A
591 541 793 576 septentrIOne
815 539 1002 568 Nasamones
1026 542 1106 573 sunt,

70 587 187 619 20gens
204 582 338 620 Syrtica,
361 581 553 619 navigiorum
570 581 677 618 spoliis
694 586 897 618 quaestuosa:
920 581 1035 618 quippe
1052 579 1104 609 ob-

113 624 213 654 sident
227 625 314 654 litora
323 628 352 654 et
362 628 448 654 aestu
461 623 603 653 destituta
616 623 736 661 navigia
750 624 829 653 notis
842 624 900 653 sibi
912 623 1000 652 vadis
1014 630 1105 652 occu-

112 669 193 702 pant.
216 667 336 695 Incolae
352 666 493 701 nemoris,
511 674 589 703 quos
605 666 803 695 Hammonios
816 668 936 700 vocant,
955 664 1105 702 dispersis

114 707 240 744 tuguriis
256 708 406 738 habitant:
422 708 554 737 medium
571 716 677 737 nemus
694 716 749 744 pro
766 716 836 737 arce
851 708 977 742 habent,
995 706 1102 743 triplici

70 754 103 779 21
113 757 196 778 muro
219 750 447 779 circumdatum.
488 749 587 778 Prima
609 749 733 779 munitio
756 754 955 786 tyrannorum
970 752 1103 778 veterem

112 791 225 827 regiam
241 791 364 821 clausit:
386 791 415 820 in
432 792 572 828 proxima
588 792 734 828 coniuges
751 799 856 821 eorum
872 799 940 820 cum
955 790 1060 820 liberis
1076 794 1104 818 et

113 833 271 869 pellicibus
288 833 438 862 habitant:
466 833 514 862 liic
531 841 654 870 quoque
671 834 719 862 dci
736 834 892 862 oraculum
911 837 972 862 est:
998 832 1103 862 ultima

68 878 102 904 22
111 874 293 904 munimenta
308 875 469 904 satellitum
485 875 764 911 armigerorumque
780 875 872 904 sedes
888 878 982 904 erant.
1004 875 1059 904 Est
1074 879 1103 903 ct

111 916 192 946 aliud
206 916 382 946 Hammonis
398 925 520 946 nemus:
537 917 566 946 in
583 917 682 946 medio
699 917 790 947 habet
802 918 924 953 sontem,
942 924 1032 953 quem
1047 915 1101 946 So—

111 958 147 987 lis
164 966 276 995 aquam
291 964 415 988 vocant:
443 959 500 988 sub
517 959 594 989 lucis
611 964 709 988 ortum
731 959 836 996 tepida
857 963 973 994 manat,
1000 958 1102 988 medio

111 1000 174 1035 die,
198 1000 284 1031 cuius
306 1001 591 1031 vehementissimus
608 1005 655 1030 est
671 1001 762 1036 calor,
778 1001 887 1037 frigida
901 1001 1009 1030 eadem
1025 1000 1099 1033 fluit,

111 1042 253 1072 inclinato
276 1043 305 1072 in
329 1051 489 1080 vesperam
511 1043 650 1077 calescit,
677 1043 777 1072 media
799 1047 888 1072 nocte
911 1042 1028 1071 fervida
1049 1050 1101 1071 ex-

111 1088 242 1114 aestuat:
266 1093 390 1121 quoque
405 1094 467 1114 nox
484 1085 610 1122 propius
628 1086 722 1121 vergit
738 1085 774 1113 :ul
793 1085 905 1119 lucem,
922 1084 1047 1113 multum
1064 1092 1102 1113 ex

111 1130 258 1155 nocturno
276 1127 378 1155 calore
394 1127 553 1162 decrescit,
571 1127 669 1155 donec
685 1126 741 1156 sub
756 1127 855 1163 ipsum
867 1126 926 1155 diei
944 1129 1040 1155 ortum
1053 1134 1101 1155 as-

68 1170 197 1197 2ssueto
218 1172 324 1204 tepore
345 1169 531 1205 languescat.
574 1168 623 1203 Id,
643 1169 726 1204 quod
748 1177 802 1204 pro
826 1168 884 1197 deo
902 1168 1023 1202 colitur⁷
1040 1175 1099 1196 non

111 1210 239 1238 eandem
260 1209 391 1246 effigiem
412 1210 516 1244 habet,
545 1217 635 1246 quam
651 1211 741 1246 vulgo
758 1210 815 1238 diis
832 1210 965 1239 artifices
981 1217 1100 1239 accom-

110 1251 323 1281 modaverunt:
351 1251 493 1280 umbilico
515 1252 645 1281 maxime
667 1252 773 1281 similis
796 1255 843 1281 est
858 1251 995 1287 habitus,
1021 1259 1098 1281 sma-

67 1293 202 1329 24ragdo
220 1297 249 1322 et
263 1292 388 1330 gemmis
406 1297 644 1329 coagmentatus.
687 1294 789 1329 Hunc,
807 1302 900 1330 quum
915 1302 1100 1330 responsum

110 1334 229 1371 petitur,
247 1334 367 1371 navigio
380 1339 485 1364 aurato
498 1339 618 1372 gestant
630 1336 817 1371 sacerdotes,
833 1336 934 1365 multis
947 1336 1099 1373 argenteis

110 1376 222 1412 pateris
237 1377 274 1406 ab
291 1381 420 1413 utroque
436 1377 548 1413 navigii
567 1378 660 1407 latere
683 1377 902 1414 pendentibus:
930 1381 1101 1414 sequuntur

106 1422 262 1447 matronae
278 1419 488 1455 virginesque,
510 1419 606 1455 patrio
629 1427 713 1448 more
735 1420 921 1449 inconditum
944 1420 1100 1456 quoddam

108 1467 228 1489 carmen
244 1465 398 1496 canentes,
416 1469 476 1498 quo
492 1461 650 1498 propitiari
666 1462 769 1491 Iovem
785 1462 920 1498 credunt,
936 1465 969 1491 ut
985 1465 1099 1491 certum

107 1502 177 1531 edat
192 1503 357 1532 oraculum.

64 1546 98 1572 25
183 1543 250 1580 (32)
273 1546 318 1574 Ac
334 1549 395 1574 tum
412 1545 535 1582 quidem
556 1553 659 1581 regem
681 1544 808 1581 propius
824 1545 985 1574 adeuntem
1003 1545 1093 1574 maxi-

106 1593 172 1615 mus
194 1590 265 1615 natu
283 1595 299 1616 e
321 1586 534 1616 sacerdotibus
556 1587 649 1616 filium
672 1587 818 1623 appellat,
846 1586 904 1616 hoc
927 1595 1037 1616 nomen
1057 1587 1096 1615 illi

107 1631 262 1663 parentem
274 1629 378 1658 Iovem
391 1629 521 1658 reddere
534 1629 699 1658 affirmans.
715 1629 768 1658 Ille
781 1636 814 1657 se
827 1637 901 1658 vero
915 1632 945 1658 et
957 1628 1098 1665 accipere

64 1672 98 1698 26
105 1669 146 1699 ait
156 1674 185 1699 et
196 1678 374 1707 agnoscere,
392 1672 542 1700 humanae
555 1671 645 1700 sortis
659 1670 779 1700 oblitus.
803 1671 961 1700 Consuluit
976 1671 1097 1701 deinde.

107 1718 143 1739 an
159 1712 250 1741 totius
265 1713 348 1742 orbis
365 1713 522 1750 imperium
541 1713 608 1742 satis
627 1713 682 1742 sibi
697 1712 864 1742 destinaret
878 1717 971 1749 pater.
988 1714 1098 1750 Aeque

148 1761 229 1782 cunr.
246 1762 310 1783 nur.
871 1755 891 1784 4
