<?xml version="1.0" encoding="UTF-8"?>
<!DOCTYPE html PUBLIC "-//W3C//DTD XHTML 1.0 Transitional//EN"
    "http://www.w3.org/TR/xhtml1/DTD/xhtml1-transitional.dtd">
<html xmlns="http://www.w3.org/1999/xhtml" xml:lang="en" lang="en">
 <head>
  <title>
</title>
<meta http-equiv="Content-Type" content="text/html;charset=utf-8" />
  <meta name='ocr-system' content='tesseract 3.04.00' />
  <meta name='ocr-capabilities' content='ocr_page ocr_carea ocr_par ocr_line ocrx_word'/>
</head>
<body>
  <div class='ocr_page' id='page_1' title='image "./degestisalexand00curtuoft_0136.png"; bbox 0 0 1215 1905; ppageno 0'>
   <div class='ocr_carea' id='block_1_1' title="bbox 43 86 724 124">
    <p class='ocr_par' dir='ltr' id='par_1_1' title="bbox 43 86 724 124">
     <span class='ocr_line' id='line_1_1' title="bbox 43 86 724 124; baseline 0 -6"><span class='ocrx_word' id='word_1_1' title='bbox 43 86 106 119; x_wconf 80' lang='lat'>108</span> <span class='ocrx_word' id='word_1_2' title='bbox 386 88 418 124; x_wconf 83' lang='lat' dir='ltr'>o.</span> <span class='ocrx_word' id='word_1_3' title='bbox 442 88 596 117; x_wconf 83' lang='lat' dir='ltr'>CURTII</span> <span class='ocrx_word' id='word_1_4' title='bbox 617 88 724 118; x_wconf 73' lang='lat' dir='ltr'>num</span> 
     </span>
    </p>
   </div>
   <div class='ocr_carea' id='block_1_2' title="bbox 41 162 1025 1725">
    <p class='ocr_par' dir='ltr' id='par_1_2' title="bbox 41 162 1025 1725">
     <span class='ocr_line' id='line_1_2' title="bbox 42 162 1024 196; baseline 0.003 -8"><span class='ocrx_word' id='word_1_5' title='bbox 42 165 124 188; x_wconf 85' lang='lat' dir='ltr'>avitae</span> <span class='ocrx_word' id='word_1_6' title='bbox 133 163 254 188; x_wconf 84' lang='lat' dir='ltr'>libertatis</span> <span class='ocrx_word' id='word_1_7' title='bbox 267 170 390 187; x_wconf 81' lang='lat' dir='ltr'>memores</span> <span class='ocrx_word' id='word_1_8' title='bbox 406 163 512 187; x_wconf 78' lang='lat' dir='ltr'>suturOS.</span> <span class='ocrx_word' id='word_1_9' title='bbox 548 162 589 187; x_wconf 90' lang='lat' dir='ltr'>Sic</span> <span class='ocrx_word' id='word_1_10' title='bbox 606 164 730 188; x_wconf 89' lang='lat' dir='ltr'>instinctis</span> <span class='ocrx_word' id='word_1_11' title='bbox 745 164 848 196; x_wconf 84' lang='lat' dir='ltr'>animis,</span> <span class='ocrx_word' id='word_1_12' title='bbox 868 166 1024 191; x_wconf 75' lang='lat' dir='ltr'>occasionem</span> 
     </span>
     <span class='ocr_line' id='line_1_3' title="bbox 42 197 1024 230; baseline 0.003 -8"><span class='ocrx_word' id='word_1_13' title='bbox 42 198 101 222; x_wconf 88' lang='lat' dir='ltr'>belli</span> <span class='ocrx_word' id='word_1_14' title='bbox 112 205 143 222; x_wconf 84' lang='lat' dir='ltr'>ex</span> <span class='ocrx_word' id='word_1_15' title='bbox 153 197 283 222; x_wconf 86' lang='lat' dir='ltr'>commodo</span> <span class='ocrx_word' id='word_1_16' title='bbox 295 197 427 228; x_wconf 84' lang='lat' dir='ltr'>coeptaudi</span> <span class='ocrx_word' id='word_1_17' title='bbox 440 198 683 229; x_wconf 76' lang='lat' dir='ltr'><strong>circumspiciebant.</strong></span> <span class='ocrx_word' id='word_1_18' title='bbox 703 198 782 230; x_wconf 80' lang='lat' dir='ltr'>Igitur</span> <span class='ocrx_word' id='word_1_19' title='bbox 791 198 907 223; x_wconf 78' lang='lat' dir='ltr'>felicitate</span> <span class='ocrx_word' id='word_1_20' title='bbox 914 199 1024 225; x_wconf 84' lang='lat' dir='ltr'>Memno-</span> 
     </span>
     <span class='ocr_line' id='line_1_4' title="bbox 42 231 1024 264; baseline 0.002 -8"><span class='ocrx_word' id='word_1_21' title='bbox 42 233 81 256; x_wconf 89' lang='lat' dir='ltr'>nis</span> <span class='ocrx_word' id='word_1_22' title='bbox 93 232 190 256; x_wconf 76' lang='lat' dir='ltr'>Invitati</span> <span class='ocrx_word' id='word_1_23' title='bbox 200 231 306 255; x_wconf 84' lang='lat' dir='ltr'>consilia</span> <span class='ocrx_word' id='word_1_24' title='bbox 315 238 372 255; x_wconf 87' lang='lat' dir='ltr'>cum</span> <span class='ocrx_word' id='word_1_25' title='bbox 385 231 440 263; x_wconf 89' lang='lat' dir='ltr'>ipso</span> <span class='ocrx_word' id='word_1_26' title='bbox 451 231 555 255; x_wconf 84' lang='lat' dir='ltr'>miscere</span> <span class='ocrx_word' id='word_1_27' title='bbox 566 232 679 264; x_wconf 82' lang='lat' dir='ltr'>aggressi</span> <span class='ocrx_word' id='word_1_28' title='bbox 697 235 769 256; x_wconf 80' lang='lat' dir='ltr'>sunt=</span> <span class='ocrx_word' id='word_1_29' title='bbox 787 236 811 256; x_wconf 87' lang='lat' dir='ltr'>et</span> <span class='ocrx_word' id='word_1_30' title='bbox 820 250 827 264; x_wconf 88' lang='lat'>‚</span> <span class='ocrx_word' id='word_1_31' title='bbox 839 237 972 264; x_wconf 79' lang='lat' dir='ltr'>postquam</span> <span class='ocrx_word' id='word_1_32' title='bbox 982 234 1024 259; x_wconf 88' lang='lat' dir='ltr'>ille</span> 
     </span>
     <span class='ocr_line' id='line_1_5' title="bbox 43 265 1025 297; baseline 0.002 -7"><span class='ocrx_word' id='word_1_33' title='bbox 43 273 124 290; x_wconf 86' lang='lat' dir='ltr'>rerum</span> <span class='ocrx_word' id='word_1_34' title='bbox 144 265 264 289; x_wconf 85' lang='lat' dir='ltr'>laetarum</span> <span class='ocrx_word' id='word_1_35' title='bbox 281 265 352 289; x_wconf 78' lang='lat' dir='ltr'>initia</span> <span class='ocrx_word' id='word_1_36' title='bbox 371 265 546 297; x_wconf 86' lang='lat' dir='ltr'>intempestiva</span> <span class='ocrx_word' id='word_1_37' title='bbox 564 269 643 289; x_wconf 89' lang='lat' dir='ltr'>morte</span> <span class='ocrx_word' id='word_1_38' title='bbox 656 266 784 297; x_wconf 78' lang='lat' dir='ltr'>destituit,</span> <span class='ocrx_word' id='word_1_39' title='bbox 803 266 880 291; x_wconf 80' lang='lat' dir='ltr'>nihilo</span> <span class='ocrx_word' id='word_1_40' title='bbox 896 268 1025 292; x_wconf 80' lang='lat' dir='ltr'>remissius</span> 
     </span>
     <span class='ocr_line' id='line_1_6' title="bbox 42 298 1025 333; baseline 0.003 -11"><span class='ocrx_word' id='word_1_41' title='bbox 42 300 158 331; x_wconf 85' lang='lat' dir='ltr'>agebant.</span> <span class='ocrx_word' id='word_1_42' title='bbox 194 298 243 323; x_wconf 88' lang='lat' dir='ltr'>Sed</span> <span class='ocrx_word' id='word_1_43' title='bbox 253 299 285 323; x_wconf 85' lang='lat' dir='ltr'>ud</span> <span class='ocrx_word' id='word_1_44' title='bbox 294 299 484 323; x_wconf 81' lang='lat' dir='ltr'>Pharnabazum</span> <span class='ocrx_word' id='word_1_45' title='bbox 502 302 525 323; x_wconf 84' lang='lat' dir='ltr'>et</span> <span class='ocrx_word' id='word_1_46' title='bbox 536 299 741 331; x_wconf 81' lang='lat' dir='ltr'>Autophradaten</span> <span class='ocrx_word' id='word_1_47' title='bbox 760 300 888 331; x_wconf 86' lang='lat' dir='ltr'>profectus</span> <span class='ocrx_word' id='word_1_48' title='bbox 903 302 967 333; x_wconf 84' lang='lat' dir='ltr'>Agis</span> <span class='ocrx_word' id='word_1_49' title='bbox 981 303 1025 325; x_wconf 90' lang='lat' dir='ltr'>tri-</span> 
     </span>
     <span class='ocr_line' id='line_1_7' title="bbox 42 333 1025 366; baseline 0.003 -9"><span class='ocrx_word' id='word_1_50' title='bbox 42 334 112 365; x_wconf 77' lang='lat' dir='ltr'>ginta</span> <span class='ocrx_word' id='word_1_51' title='bbox 130 334 226 365; x_wconf 80' lang='lat' dir='ltr'>argenti</span> <span class='ocrx_word' id='word_1_52' title='bbox 244 333 337 357; x_wconf 85' lang='lat' dir='ltr'>talenta</span> <span class='ocrx_word' id='word_1_53' title='bbox 355 333 490 363; x_wconf 82' lang='lat' dir='ltr'>decemque</span> <span class='ocrx_word' id='word_1_54' title='bbox 509 333 622 357; x_wconf 81' lang='lat' dir='ltr'>triremes</span> <span class='ocrx_word' id='word_1_55' title='bbox 640 333 798 366; x_wconf 84' lang='lat' dir='ltr'>impetravit,</span> <span class='ocrx_word' id='word_1_56' title='bbox 824 342 887 365; x_wconf 86' lang='lat' dir='ltr'>quas</span> <span class='ocrx_word' id='word_1_57' title='bbox 906 335 1025 366; x_wconf 82' lang='lat' dir='ltr'>Agesilao</span> 
     </span>
     <span class='ocr_line' id='line_1_8' title="bbox 42 367 1025 398; baseline 0.002 -7"><span class='ocrx_word' id='word_1_58' title='bbox 42 367 112 392; x_wconf 72' lang='lat' dir='ltr'>fratri</span> <span class='ocrx_word' id='word_1_59' title='bbox 122 367 203 398; x_wconf 86' lang='lat' dir='ltr'>misit,</span> <span class='ocrx_word' id='word_1_60' title='bbox 222 367 284 390; x_wconf 92' lang='lat' dir='ltr'>utin</span> <span class='ocrx_word' id='word_1_61' title='bbox 298 367 394 391; x_wconf 84' lang='lat' dir='ltr'>Cretam</span> <span class='ocrx_word' id='word_1_62' title='bbox 403 368 546 398; x_wconf 79' lang='lat' dir='ltr'>navigaret,</span> <span class='ocrx_word' id='word_1_63' title='bbox 563 367 634 391; x_wconf 83' lang='lat' dir='ltr'>cuius</span> <span class='ocrx_word' id='word_1_64' title='bbox 649 367 745 391; x_wconf 84' lang='lat' dir='ltr'>insulae</span> <span class='ocrx_word' id='word_1_65' title='bbox 759 367 866 392; x_wconf 87' lang='lat' dir='ltr'>cultores</span> <span class='ocrx_word' id='word_1_66' title='bbox 876 369 939 392; x_wconf 90' lang='lat' dir='ltr'>inter</span> <span class='ocrx_word' id='word_1_67' title='bbox 947 369 1025 393; x_wconf 87' lang='lat' dir='ltr'>Lace-</span> 
     </span>
     <span class='ocr_line' id='line_1_9' title="bbox 43 400 1024 435; baseline 0.002 -10"><span class='ocrx_word' id='word_1_68' title='bbox 43 402 189 426; x_wconf 86' lang='lat' dir='ltr'>daemonios</span> <span class='ocrx_word' id='word_1_69' title='bbox 205 405 227 425; x_wconf 84' lang='lat' dir='ltr'>et</span> <span class='ocrx_word' id='word_1_70' title='bbox 243 401 392 425; x_wconf 80' lang='lat' dir='ltr'>Macedonas</span> <span class='ocrx_word' id='word_1_71' title='bbox 403 400 508 425; x_wconf 82' lang='lat' dir='ltr'>diversis</span> <span class='ocrx_word' id='word_1_72' title='bbox 518 401 608 425; x_wconf 87' lang='lat' dir='ltr'>studiis</span> <span class='ocrx_word' id='word_1_73' title='bbox 619 400 826 426; x_wconf 78' lang='lat' dir='ltr'>distrahebantur.</span> <span class='ocrx_word' id='word_1_74' title='bbox 863 403 952 435; x_wconf 86' lang='lat' dir='ltr'>Legati</span> <span class='ocrx_word' id='word_1_75' title='bbox 962 411 1024 434; x_wconf 87' lang='lat' dir='ltr'>quo-</span> 
     </span>
     <span class='ocr_line' id='line_1_10' title="bbox 41 434 1025 468; baseline 0.003 -10"><span class='ocrx_word' id='word_1_76' title='bbox 41 443 90 466; x_wconf 89' lang='lat' dir='ltr'>que</span> <span class='ocrx_word' id='word_1_77' title='bbox 101 435 133 459; x_wconf 91' lang='lat' dir='ltr'>ad</span> <span class='ocrx_word' id='word_1_78' title='bbox 142 436 251 459; x_wconf 78' lang='lat' dir='ltr'>Dareum</span> <span class='ocrx_word' id='word_1_79' title='bbox 263 435 413 466; x_wconf 82' lang='lat' dir='ltr'>missisunt,</span> <span class='ocrx_word' id='word_1_80' title='bbox 431 435 474 465; x_wconf 91' lang='lat' dir='ltr'>qui</span> <span class='ocrx_word' id='word_1_81' title='bbox 490 436 516 459; x_wconf 86' lang='lat' dir='ltr'>in</span> <span class='ocrx_word' id='word_1_82' title='bbox 528 442 602 458; x_wconf 90' lang='lat' dir='ltr'>usum</span> <span class='ocrx_word' id='word_1_83' title='bbox 612 434 670 459; x_wconf 91' lang='lat' dir='ltr'>belli</span> <span class='ocrx_word' id='word_1_84' title='bbox 683 435 832 466; x_wconf 87' lang='lat' dir='ltr'>ampliorem</span> <span class='ocrx_word' id='word_1_85' title='bbox 843 437 894 460; x_wconf 90' lang='lat' dir='ltr'>vim</span> <span class='ocrx_word' id='word_1_86' title='bbox 903 437 1025 468; x_wconf 87' lang='lat' dir='ltr'>pecuniae</span> 
     </span>
     <span class='ocr_line' id='line_1_11' title="bbox 42 468 1025 501; baseline 0.001 -8"><span class='ocrx_word' id='word_1_87' title='bbox 42 470 176 501; x_wconf 82' lang='lat' dir='ltr'>pluresque</span> <span class='ocrx_word' id='word_1_88' title='bbox 189 476 266 493; x_wconf 85' lang='lat' dir='ltr'>naves</span> <span class='ocrx_word' id='word_1_89' title='bbox 275 472 398 501; x_wconf 87' lang='lat' dir='ltr'>peterent.</span> <span class='ocrx_word' id='word_1_90' title='bbox 432 470 515 500; x_wconf 83' lang='lat' dir='ltr'>Atque</span> <span class='ocrx_word' id='word_1_91' title='bbox 528 468 592 492; x_wconf 88' lang='lat' dir='ltr'>haec</span> <span class='ocrx_word' id='word_1_92' title='bbox 606 476 691 493; x_wconf 88' lang='lat' dir='ltr'>eorum</span> <span class='ocrx_word' id='word_1_93' title='bbox 707 473 793 501; x_wconf 88' lang='lat' dir='ltr'>coepta</span> <span class='ocrx_word' id='word_1_94' title='bbox 806 469 889 494; x_wconf 84' lang='lat' dir='ltr'>clades</span> <span class='ocrx_word' id='word_1_95' title='bbox 901 471 934 495; x_wconf 83' lang='lat' dir='ltr'>ad</span> <span class='ocrx_word' id='word_1_96' title='bbox 944 471 1025 494; x_wconf 88' lang='lat' dir='ltr'>Issum</span> 
     </span>
     <span class='ocr_line' id='line_1_12' title="bbox 43 502 1023 534; baseline 0.002 -8"><span class='ocrx_word' id='word_1_97' title='bbox 43 502 120 533; x_wconf 85' lang='lat' dir='ltr'>(nam</span> <span class='ocrx_word' id='word_1_98' title='bbox 139 510 169 527; x_wconf 82' lang='lat' dir='ltr'>ea</span> <span class='ocrx_word' id='word_1_99' title='bbox 187 502 371 534; x_wconf 85' lang='lat' dir='ltr'>intervenerat)</span> <span class='ocrx_word' id='word_1_100' title='bbox 389 503 452 526; x_wconf 89' lang='lat' dir='ltr'>adeo</span> <span class='ocrx_word' id='word_1_101' title='bbox 471 510 519 527; x_wconf 91' lang='lat' dir='ltr'>non</span> <span class='ocrx_word' id='word_1_102' title='bbox 542 503 724 534; x_wconf 88' lang='lat' dir='ltr'>interpellavit,</span> <span class='ocrx_word' id='word_1_103' title='bbox 750 507 777 527; x_wconf 90' lang='lat' dir='ltr'>ut</span> <span class='ocrx_word' id='word_1_104' title='bbox 796 504 871 527; x_wconf 84' lang='lat' dir='ltr'>etiam</span> <span class='ocrx_word' id='word_1_105' title='bbox 890 505 1023 529; x_wconf 85' lang='lat' dir='ltr'>adiuverit.</span> 
     </span>
     <span class='ocr_line' id='line_1_13' title="bbox 43 536 1024 571; baseline 0.002 -11"><span class='ocrx_word' id='word_1_106' title='bbox 43 537 141 569; x_wconf 88' lang='lat' dir='ltr'>Quippe</span> <span class='ocrx_word' id='word_1_107' title='bbox 152 536 288 568; x_wconf 76' lang='lat' dir='ltr'>fugientem</span> <span class='ocrx_word' id='word_1_108' title='bbox 298 537 425 561; x_wconf 84' lang='lat' dir='ltr'>insecutus</span> <span class='ocrx_word' id='word_1_109' title='bbox 435 536 578 561; x_wconf 81' lang='lat' dir='ltr'>Alexander</span> <span class='ocrx_word' id='word_1_110' title='bbox 588 538 613 561; x_wconf 89' lang='lat' dir='ltr'>in</span> <span class='ocrx_word' id='word_1_111' title='bbox 623 536 760 568; x_wconf 86' lang='lat' dir='ltr'>longinqua</span> <span class='ocrx_word' id='word_1_112' title='bbox 773 537 827 562; x_wconf 88' lang='lat' dir='ltr'>loca</span> <span class='ocrx_word' id='word_1_113' title='bbox 839 539 921 571; x_wconf 86' lang='lat' dir='ltr'>magis</span> <span class='ocrx_word' id='word_1_114' title='bbox 931 539 1024 570; x_wconf 87' lang='lat' dir='ltr'>magis-</span> 
     </span>
     <span class='ocr_line' id='line_1_14' title="bbox 43 571 1024 603; baseline 0.002 -9"><span class='ocrx_word' id='word_1_115' title='bbox 43 578 91 601; x_wconf 89' lang='lat' dir='ltr'>que</span> <span class='ocrx_word' id='word_1_116' title='bbox 107 571 262 602; x_wconf 79' lang='lat' dir='ltr'>rapiebatur:</span> <span class='ocrx_word' id='word_1_117' title='bbox 277 575 300 595; x_wconf 87' lang='lat' dir='ltr'>et</span> <span class='ocrx_word' id='word_1_118' title='bbox 317 578 348 594; x_wconf 87' lang='lat' dir='ltr'>ex</span> <span class='ocrx_word' id='word_1_119' title='bbox 363 571 418 602; x_wconf 85' lang='lat' dir='ltr'>ipso</span> <span class='ocrx_word' id='word_1_120' title='bbox 429 571 523 602; x_wconf 90' lang='lat' dir='ltr'>proelio</span> <span class='ocrx_word' id='word_1_121' title='bbox 533 572 741 595; x_wconf 81' lang='lat' dir='ltr'>mercenariorum</span> <span class='ocrx_word' id='word_1_122' title='bbox 755 572 847 603; x_wconf 84' lang='lat' dir='ltr'>ingens</span> <span class='ocrx_word' id='word_1_123' title='bbox 857 572 989 596; x_wconf 87' lang='lat' dir='ltr'>multitudo</span> <span class='ocrx_word' id='word_1_124' title='bbox 999 572 1024 596; x_wconf 89' lang='lat' dir='ltr'>in</span> 
     </span>
     <span class='ocr_line' id='line_1_15' title="bbox 43 604 1024 637; baseline 0.002 -9"><span class='ocrx_word' id='word_1_125' title='bbox 43 604 171 629; x_wconf 74' lang='lat' dir='ltr'>Graeciam</span> <span class='ocrx_word' id='word_1_126' title='bbox 187 605 248 636; x_wconf 74' lang='lat' dir='ltr'>fuga</span> <span class='ocrx_word' id='word_1_127' title='bbox 263 608 444 636; x_wconf 86' lang='lat' dir='ltr'>penetraverat:</span> <span class='ocrx_word' id='word_1_128' title='bbox 465 612 570 635; x_wconf 89' lang='lat' dir='ltr'>quorum</span> <span class='ocrx_word' id='word_1_129' title='bbox 586 608 640 628; x_wconf 87' lang='lat' dir='ltr'>octo</span> <span class='ocrx_word' id='word_1_130' title='bbox 656 605 726 629; x_wconf 85' lang='lat' dir='ltr'>milia</span> <span class='ocrx_word' id='word_1_131' title='bbox 735 605 833 629; x_wconf 85' lang='lat' dir='ltr'>Persica</span> <span class='ocrx_word' id='word_1_132' title='bbox 848 606 955 637; x_wconf 76' lang='lat' dir='ltr'>pecunia</span> <span class='ocrx_word' id='word_1_133' title='bbox 966 613 1024 630; x_wconf 89' lang='lat' dir='ltr'>con-</span> 
     </span>
     <span class='ocr_line' id='line_1_16' title="bbox 44 638 1025 671; baseline 0 -8"><span class='ocrx_word' id='word_1_134' title='bbox 44 638 114 663; x_wconf 70' lang='lat' dir='ltr'>duxit</span> <span class='ocrx_word' id='word_1_135' title='bbox 123 639 185 670; x_wconf 87' lang='lat' dir='ltr'>Agis</span> <span class='ocrx_word' id='word_1_136' title='bbox 196 646 331 669; x_wconf 85' lang='lat' dir='ltr'>eorumque</span> <span class='ocrx_word' id='word_1_137' title='bbox 342 646 417 670; x_wconf 87' lang='lat' dir='ltr'>opera</span> <span class='ocrx_word' id='word_1_138' title='bbox 426 638 559 669; x_wconf 87' lang='lat' dir='ltr'>plerasque</span> <span class='ocrx_word' id='word_1_139' title='bbox 570 638 724 663; x_wconf 89' lang='lat' dir='ltr'>Cretensium</span> <span class='ocrx_word' id='word_1_140' title='bbox 735 640 810 664; x_wconf 86' lang='lat' dir='ltr'>urbes</span> <span class='ocrx_word' id='word_1_141' title='bbox 820 640 923 671; x_wconf 84' lang='lat' dir='ltr'>recepit.</span> <span class='ocrx_word' id='word_1_142' title='bbox 944 640 1025 668; x_wconf 90' lang='lat' dir='ltr'>Quum</span> 
     </span>
     <span class='ocr_line' id='line_1_17' title="bbox 44 672 1024 703; baseline 0.001 -7"><span class='ocrx_word' id='word_1_143' title='bbox 44 672 162 703; x_wconf 88' lang='lat' dir='ltr'>deinceps</span> <span class='ocrx_word' id='word_1_144' title='bbox 178 673 268 696; x_wconf 88' lang='lat' dir='ltr'>Menon</span> <span class='ocrx_word' id='word_1_145' title='bbox 287 673 312 696; x_wconf 90' lang='lat' dir='ltr'>in</span> <span class='ocrx_word' id='word_1_146' title='bbox 331 672 462 696; x_wconf 79' lang='lat' dir='ltr'>Thraciam</span> <span class='ocrx_word' id='word_1_147' title='bbox 472 673 502 696; x_wconf 85' lang='lat' dir='ltr'>ab</span> <span class='ocrx_word' id='word_1_148' title='bbox 523 672 669 697; x_wconf 82' lang='lat' dir='ltr'>Alexandro</span> <span class='ocrx_word' id='word_1_149' title='bbox 685 673 777 697; x_wconf 87' lang='lat' dir='ltr'>missus</span> <span class='ocrx_word' id='word_1_150' title='bbox 797 673 918 700; x_wconf 86' lang='lat' dir='ltr'>barbaros</span> <span class='ocrx_word' id='word_1_151' title='bbox 935 674 967 698; x_wconf 86' lang='lat' dir='ltr'>ad</span> <span class='ocrx_word' id='word_1_152' title='bbox 982 674 1024 697; x_wconf 89' lang='lat' dir='ltr'>de-</span> 
     </span>
     <span class='ocr_line' id='line_1_18' title="bbox 43 706 1024 739; baseline 0.002 -9"><span class='ocrx_word' id='word_1_153' title='bbox 43 706 176 730; x_wconf 77' lang='lat' dir='ltr'>fectionem</span> <span class='ocrx_word' id='word_1_154' title='bbox 191 707 344 738; x_wconf 86' lang='lat' dir='ltr'>impulisset,</span> <span class='ocrx_word' id='word_1_155' title='bbox 364 706 444 737; x_wconf 85' lang='lat' dir='ltr'>adque</span> <span class='ocrx_word' id='word_1_156' title='bbox 455 714 510 730; x_wconf 89' lang='lat' dir='ltr'>eam</span> <span class='ocrx_word' id='word_1_157' title='bbox 521 707 733 738; x_wconf 85' lang='lat' dir='ltr'>comprimendam</span> <span class='ocrx_word' id='word_1_158' title='bbox 743 707 874 739; x_wconf 78' lang='lat' dir='ltr'>Antipater</span> <span class='ocrx_word' id='word_1_159' title='bbox 889 708 1024 732; x_wconf 82' lang='lat' dir='ltr'>exercitum</span> 
     </span>
     <span class='ocr_line' id='line_1_19' title="bbox 43 739 1024 772; baseline 0.003 -9"><span class='ocrx_word' id='word_1_160' title='bbox 43 748 73 764; x_wconf 87' lang='lat' dir='ltr'>ex</span> <span class='ocrx_word' id='word_1_161' title='bbox 84 739 231 764; x_wconf 82' lang='lat' dir='ltr'>Macedonia</span> <span class='ocrx_word' id='word_1_162' title='bbox 239 741 263 764; x_wconf 90' lang='lat' dir='ltr'>in</span> <span class='ocrx_word' id='word_1_163' title='bbox 273 740 404 764; x_wconf 84' lang='lat' dir='ltr'>Thraciam</span> <span class='ocrx_word' id='word_1_164' title='bbox 415 740 535 769; x_wconf 76' lang='lat' dir='ltr'>duxisset,</span> <span class='ocrx_word' id='word_1_165' title='bbox 549 741 733 772; x_wconf 82' lang='lat' dir='ltr'>opportunitate</span> <span class='ocrx_word' id='word_1_166' title='bbox 744 742 863 772; x_wconf 86' lang='lat' dir='ltr'>temporis</span> <span class='ocrx_word' id='word_1_167' title='bbox 874 744 972 765; x_wconf 90' lang='lat' dir='ltr'>strenue</span> <span class='ocrx_word' id='word_1_168' title='bbox 985 742 1024 766; x_wconf 89' lang='lat' dir='ltr'>usi</span> 
     </span>
     <span class='ocr_line' id='line_1_20' title="bbox 44 774 1024 807; baseline 0.001 -9"><span class='ocrx_word' id='word_1_169' title='bbox 44 774 234 798; x_wconf 77' lang='lat' dir='ltr'>Lacedaemonii</span> <span class='ocrx_word' id='word_1_170' title='bbox 245 778 322 798; x_wconf 81' lang='lat' dir='ltr'>totam</span> <span class='ocrx_word' id='word_1_171' title='bbox 335 774 542 805; x_wconf 86' lang='lat' dir='ltr'>Peloponnesum,</span> <span class='ocrx_word' id='word_1_172' title='bbox 552 775 639 805; x_wconf 87' lang='lat' dir='ltr'>paucis</span> <span class='ocrx_word' id='word_1_173' title='bbox 652 775 754 799; x_wconf 84' lang='lat' dir='ltr'>urbibus</span> <span class='ocrx_word' id='word_1_174' title='bbox 765 776 875 806; x_wconf 81' lang='lat' dir='ltr'>exceptis</span> <span class='ocrx_word' id='word_1_175' title='bbox 883 793 891 807; x_wconf 92' lang='lat'><strong><em>,</em></strong></span> <span class='ocrx_word' id='word_1_176' title='bbox 905 775 930 798; x_wconf 89' lang='lat' dir='ltr'>in</span> <span class='ocrx_word' id='word_1_177' title='bbox 940 780 1024 807; x_wconf 83' lang='lat' dir='ltr'>partes</span> 
     </span>
     <span class='ocr_line' id='line_1_21' title="bbox 43 808 1024 840; baseline 0.001 -8"><span class='ocrx_word' id='word_1_178' title='bbox 43 813 171 832; x_wconf 78' lang='lat' dir='ltr'>traxerunt</span> <span class='ocrx_word' id='word_1_179' title='bbox 182 808 345 838; x_wconf 75' lang='lat' dir='ltr'>confectoque</span> <span class='ocrx_word' id='word_1_180' title='bbox 355 809 466 832; x_wconf 85' lang='lat' dir='ltr'>exercitu</span> <span class='ocrx_word' id='word_1_181' title='bbox 475 809 563 840; x_wconf 87' lang='lat' dir='ltr'>viginti</span> <span class='ocrx_word' id='word_1_182' title='bbox 576 808 673 832; x_wconf 87' lang='lat' dir='ltr'>milium</span> <span class='ocrx_word' id='word_1_183' title='bbox 691 809 804 840; x_wconf 88' lang='lat' dir='ltr'>peditum</span> <span class='ocrx_word' id='word_1_184' title='bbox 822 817 878 833; x_wconf 87' lang='lat' dir='ltr'>cum</span> <span class='ocrx_word' id='word_1_185' title='bbox 897 810 1024 840; x_wconf 89' lang='lat' dir='ltr'>equitibus</span> 
     </span>
     <span class='ocr_line' id='line_1_22' title="bbox 43 841 1023 874; baseline 0 -8"><span class='ocrx_word' id='word_1_186' title='bbox 43 843 80 866; x_wconf 85' lang='lat' dir='ltr'>bis</span> <span class='ocrx_word' id='word_1_187' title='bbox 91 841 158 866; x_wconf 87' lang='lat' dir='ltr'>mille</span> <span class='ocrx_word' id='word_1_188' title='bbox 168 843 244 874; x_wconf 87' lang='lat' dir='ltr'>Agidi</span> <span class='ocrx_word' id='word_1_189' title='bbox 257 849 380 866; x_wconf 88' lang='lat' dir='ltr'>summam</span> <span class='ocrx_word' id='word_1_190' title='bbox 389 842 488 873; x_wconf 88' lang='lat' dir='ltr'>imperii</span> <span class='ocrx_word' id='word_1_191' title='bbox 500 842 648 868; x_wconf 83' lang='lat' dir='ltr'>detulerunt.</span> <span class='ocrx_word' id='word_1_192' title='bbox 660 842 798 874; x_wconf 76' lang='lat' dir='ltr'>Antipater,</span> <span class='ocrx_word' id='word_1_193' title='bbox 811 850 840 866; x_wconf 88' lang='lat' dir='ltr'>ea</span> <span class='ocrx_word' id='word_1_194' title='bbox 850 850 876 866; x_wconf 90' lang='lat' dir='ltr'>re</span> <span class='ocrx_word' id='word_1_195' title='bbox 888 847 1023 874; x_wconf 83' lang='lat' dir='ltr'>comperta,</span> 
     </span>
     <span class='ocr_line' id='line_1_23' title="bbox 43 875 1024 908; baseline 0.001 -8"><span class='ocrx_word' id='word_1_196' title='bbox 43 875 134 900; x_wconf 88' lang='lat' dir='ltr'>bellum</span> <span class='ocrx_word' id='word_1_197' title='bbox 145 877 170 900; x_wconf 91' lang='lat' dir='ltr'>in</span> <span class='ocrx_word' id='word_1_198' title='bbox 181 876 300 905; x_wconf 80' lang='lat' dir='ltr'>Thracia,</span> <span class='ocrx_word' id='word_1_199' title='bbox 318 877 408 907; x_wconf 88' lang='lat' dir='ltr'>quibus</span> <span class='ocrx_word' id='word_1_200' title='bbox 426 879 508 907; x_wconf 85' lang='lat' dir='ltr'>potest</span> <span class='ocrx_word' id='word_1_201' title='bbox 528 876 725 904; x_wconf 41' lang='lat' dir='ltr'>conditionibus</span> <span class='ocrx_word' id='word_1_202' title='bbox 741 877 867 908; x_wconf 85' lang='lat' dir='ltr'>componit</span> <span class='ocrx_word' id='word_1_203' title='bbox 882 878 1024 908; x_wconf 84' lang='lat' dir='ltr'>raptimque</span> 
     </span>
     <span class='ocr_line' id='line_1_24' title="bbox 43 909 1022 943; baseline 0 -9"><span class='ocrx_word' id='word_1_204' title='bbox 43 912 68 934; x_wconf 89' lang='lat' dir='ltr'>in</span> <span class='ocrx_word' id='word_1_205' title='bbox 87 909 217 934; x_wconf 78' lang='lat' dir='ltr'>Graeciam</span> <span class='ocrx_word' id='word_1_206' title='bbox 231 917 362 942; x_wconf 83' lang='lat' dir='ltr'>regressus</span> <span class='ocrx_word' id='word_1_207' title='bbox 382 911 412 934; x_wconf 84' lang='lat' dir='ltr'>ab</span> <span class='ocrx_word' id='word_1_208' title='bbox 429 910 517 934; x_wconf 85' lang='lat' dir='ltr'>amicis</span> <span class='ocrx_word' id='word_1_209' title='bbox 532 910 658 940; x_wconf 84' lang='lat' dir='ltr'>sociisque</span> <span class='ocrx_word' id='word_1_210' title='bbox 674 910 815 934; x_wconf 86' lang='lat' dir='ltr'>civitatibus</span> <span class='ocrx_word' id='word_1_211' title='bbox 835 911 928 935; x_wconf 81' lang='lat' dir='ltr'>auxilia</span> <span class='ocrx_word' id='word_1_212' title='bbox 946 911 1022 943; x_wconf 83' lang='lat' dir='ltr'>cogit.</span> 
     </span>
     <span class='ocr_line' id='line_1_25' title="bbox 43 944 1022 976; baseline 0.001 -9"><span class='ocrx_word' id='word_1_213' title='bbox 43 944 138 973; x_wconf 85' lang='lat' dir='ltr'>Quibus</span> <span class='ocrx_word' id='word_1_214' title='bbox 158 945 362 968; x_wconf 87' lang='lat' dir='ltr'>convenientibus</span> <span class='ocrx_word' id='word_1_215' title='bbox 380 944 413 968; x_wconf 81' lang='lat' dir='ltr'>ad</span> <span class='ocrx_word' id='word_1_216' title='bbox 433 944 599 976; x_wconf 81' lang='lat' dir='ltr'>quadraginta</span> <span class='ocrx_word' id='word_1_217' title='bbox 618 948 786 975; x_wconf 84' lang='lat' dir='ltr'>pugnatorum</span> <span class='ocrx_word' id='word_1_218' title='bbox 804 945 874 968; x_wconf 86' lang='lat' dir='ltr'>milia</span> <span class='ocrx_word' id='word_1_219' title='bbox 889 945 1022 968; x_wconf 81' lang='lat' dir='ltr'>recensuit.</span> 
     </span>
     <span class='ocr_line' id='line_1_26' title="bbox 43 978 1023 1010; baseline 0 -8"><span class='ocrx_word' id='word_1_220' title='bbox 43 978 186 1002; x_wconf 85' lang='lat' dir='ltr'>Advenerat</span> <span class='ocrx_word' id='word_1_221' title='bbox 194 982 218 1002; x_wconf 87' lang='lat' dir='ltr'>et</span> <span class='ocrx_word' id='word_1_222' title='bbox 227 986 257 1002; x_wconf 86' lang='lat' dir='ltr'>ex</span> <span class='ocrx_word' id='word_1_223' title='bbox 269 978 441 1010; x_wconf 87' lang='lat' dir='ltr'>Peloponneso</span> <span class='ocrx_word' id='word_1_224' title='bbox 455 978 538 1002; x_wconf 84' lang='lat' dir='ltr'>valida</span> <span class='ocrx_word' id='word_1_225' title='bbox 547 985 650 1002; x_wconf 83' lang='lat' dir='ltr'>manus:</span> <span class='ocrx_word' id='word_1_226' title='bbox 667 979 713 1002; x_wconf 87' lang='lat' dir='ltr'>sed</span> <span class='ocrx_word' id='word_1_227' title='bbox 728 979 786 1008; x_wconf 86' lang='lat' dir='ltr'>quia</span> <span class='ocrx_word' id='word_1_228' title='bbox 796 978 897 1002; x_wconf 86' lang='lat' dir='ltr'>dubiam</span> <span class='ocrx_word' id='word_1_229' title='bbox 910 979 1023 1010; x_wconf 80' lang='lat' dir='ltr'>ipsorum</span> 
     </span>
     <span class='ocr_line' id='line_1_27' title="bbox 43 1012 1023 1043; baseline 0 -7"><span class='ocrx_word' id='word_1_230' title='bbox 43 1012 116 1036; x_wconf 81' lang='lat' dir='ltr'>fidem</span> <span class='ocrx_word' id='word_1_231' title='bbox 126 1013 274 1040; x_wconf 80' lang='lat' dir='ltr'>resciverat,</span> <span class='ocrx_word' id='word_1_232' title='bbox 292 1012 448 1036; x_wconf 84' lang='lat' dir='ltr'>dissimulata</span> <span class='ocrx_word' id='word_1_233' title='bbox 458 1013 599 1043; x_wconf 86' lang='lat' dir='ltr'>suspicione</span> <span class='ocrx_word' id='word_1_234' title='bbox 607 1030 613 1040; x_wconf 91' lang='lat'>,</span> <span class='ocrx_word' id='word_1_235' title='bbox 624 1013 717 1043; x_wconf 83' lang='lat' dir='ltr'>gratias</span> <span class='ocrx_word' id='word_1_236' title='bbox 729 1013 793 1043; x_wconf 72' lang='lat' dir='ltr'>egit,</span> <span class='ocrx_word' id='word_1_237' title='bbox 814 1012 882 1042; x_wconf 86' lang='lat' dir='ltr'>quod</span> <span class='ocrx_word' id='word_1_238' title='bbox 894 1013 927 1037; x_wconf 83' lang='lat' dir='ltr'>ad</span> <span class='ocrx_word' id='word_1_239' title='bbox 938 1012 1023 1037; x_wconf 80' lang='lat' dir='ltr'>defen-</span> 
     </span>
     <span class='ocr_line' id='line_1_28' title="bbox 44 1046 1024 1078; baseline 0.001 -9"><span class='ocrx_word' id='word_1_240' title='bbox 44 1046 151 1070; x_wconf 85' lang='lat' dir='ltr'>dendam</span> <span class='ocrx_word' id='word_1_241' title='bbox 170 1046 291 1070; x_wconf 84' lang='lat' dir='ltr'>adversus</span> <span class='ocrx_word' id='word_1_242' title='bbox 311 1046 523 1070; x_wconf 86' lang='lat' dir='ltr'>Lacedaemonios</span> <span class='ocrx_word' id='word_1_243' title='bbox 542 1046 678 1070; x_wconf 82' lang='lat' dir='ltr'>Alexandri</span> <span class='ocrx_word' id='word_1_244' title='bbox 703 1046 851 1078; x_wconf 85' lang='lat' dir='ltr'>dignitatem</span> <span class='ocrx_word' id='word_1_245' title='bbox 878 1047 1024 1070; x_wconf 77' lang='lat' dir='ltr'>affuissent=</span> 
     </span>
     <span class='ocr_line' id='line_1_29' title="bbox 43 1080 1024 1112; baseline -0.001 -8"><span class='ocrx_word' id='word_1_246' title='bbox 43 1080 194 1111; x_wconf 84' lang='lat' dir='ltr'>scripturum</span> <span class='ocrx_word' id='word_1_247' title='bbox 210 1088 236 1104; x_wconf 81' lang='lat' dir='ltr'>se</span> <span class='ocrx_word' id='word_1_248' title='bbox 251 1080 277 1104; x_wconf 86' lang='lat' dir='ltr'>id</span> <span class='ocrx_word' id='word_1_249' title='bbox 293 1080 361 1112; x_wconf 82' lang='lat' dir='ltr'>regi,</span> <span class='ocrx_word' id='word_1_250' title='bbox 380 1080 485 1111; x_wconf 81' lang='lat' dir='ltr'>gratiam</span> <span class='ocrx_word' id='word_1_251' title='bbox 497 1081 521 1103; x_wconf 91' lang='lat' dir='ltr'>in</span> <span class='ocrx_word' id='word_1_252' title='bbox 532 1084 643 1111; x_wconf 89' lang='lat' dir='ltr'>tempore</span> <span class='ocrx_word' id='word_1_253' title='bbox 653 1080 768 1104; x_wconf 83' lang='lat' dir='ltr'>relaturo.</span> <span class='ocrx_word' id='word_1_254' title='bbox 796 1080 823 1103; x_wconf 89' lang='lat' dir='ltr'>In</span> <span class='ocrx_word' id='word_1_255' title='bbox 833 1087 953 1111; x_wconf 80' lang='lat' dir='ltr'>praesens</span> <span class='ocrx_word' id='word_1_256' title='bbox 962 1080 1024 1104; x_wconf 85' lang='lat' dir='ltr'>nihil</span> 
     </span>
     <span class='ocr_line' id='line_1_30' title="bbox 43 1114 1025 1145; baseline 0.001 -8"><span class='ocrx_word' id='word_1_257' title='bbox 43 1120 107 1145; x_wconf 91' lang='lat' dir='ltr'>opus</span> <span class='ocrx_word' id='word_1_258' title='bbox 118 1121 172 1138; x_wconf 88' lang='lat' dir='ltr'>esse</span> <span class='ocrx_word' id='word_1_259' title='bbox 183 1114 319 1139; x_wconf 85' lang='lat' dir='ltr'>maioribus</span> <span class='ocrx_word' id='word_1_260' title='bbox 329 1115 421 1145; x_wconf 88' lang='lat' dir='ltr'>copiis:</span> <span class='ocrx_word' id='word_1_261' title='bbox 438 1115 521 1144; x_wconf 81' lang='lat' dir='ltr'>itaque</span> <span class='ocrx_word' id='word_1_262' title='bbox 532 1114 619 1138; x_wconf 86' lang='lat' dir='ltr'>domos</span> <span class='ocrx_word' id='word_1_263' title='bbox 629 1114 745 1143; x_wconf 80' lang='lat' dir='ltr'>redirent,</span> <span class='ocrx_word' id='word_1_264' title='bbox 757 1114 865 1138; x_wconf 75' lang='lat' dir='ltr'>foederis</span> <span class='ocrx_word' id='word_1_265' title='bbox 876 1115 1025 1138; x_wconf 77' lang='lat' dir='ltr'>necessitate</span> 
     </span>
     <span class='ocr_line' id='line_1_31' title="bbox 44 1147 1024 1179; baseline 0 -8"><span class='ocrx_word' id='word_1_266' title='bbox 44 1147 153 1179; x_wconf 82' lang='lat' dir='ltr'>expleta.</span> <span class='ocrx_word' id='word_1_267' title='bbox 182 1149 287 1172; x_wconf 88' lang='lat' dir='ltr'>Nuntios</span> <span class='ocrx_word' id='word_1_268' title='bbox 299 1148 388 1172; x_wconf 85' lang='lat' dir='ltr'>deinde</span> <span class='ocrx_word' id='word_1_269' title='bbox 400 1148 432 1171; x_wconf 83' lang='lat' dir='ltr'>ad</span> <span class='ocrx_word' id='word_1_270' title='bbox 447 1147 617 1172; x_wconf 86' lang='lat' dir='ltr'>Alexandrum</span> <span class='ocrx_word' id='word_1_271' title='bbox 628 1148 710 1176; x_wconf 87' lang='lat' dir='ltr'>mittit,</span> <span class='ocrx_word' id='word_1_272' title='bbox 723 1149 753 1172; x_wconf 91' lang='lat' dir='ltr'>de</span> <span class='ocrx_word' id='word_1_273' title='bbox 763 1152 831 1172; x_wconf 90' lang='lat' dir='ltr'>motu</span> <span class='ocrx_word' id='word_1_274' title='bbox 842 1148 962 1173; x_wconf 79' lang='lat' dir='ltr'>Graeciae</span> <span class='ocrx_word' id='word_1_275' title='bbox 971 1155 1024 1172; x_wconf 89' lang='lat' dir='ltr'>cer-</span> 
     </span>
     <span class='ocr_line' id='line_1_32' title="bbox 43 1182 1023 1214; baseline 0.002 -9"><span class='ocrx_word' id='word_1_276' title='bbox 43 1182 132 1206; x_wconf 88' lang='lat' dir='ltr'>tiorem</span> <span class='ocrx_word' id='word_1_277' title='bbox 143 1182 258 1207; x_wconf 30' lang='lat' dir='ltr'>facturos*</span> <span class='ocrx_word' id='word_1_278' title='bbox 289 1182 371 1213; x_wconf 84' lang='lat' dir='ltr'>Atque</span> <span class='ocrx_word' id='word_1_279' title='bbox 381 1182 416 1206; x_wconf 90' lang='lat' dir='ltr'>illi</span> <span class='ocrx_word' id='word_1_280' title='bbox 428 1190 513 1214; x_wconf 85' lang='lat' dir='ltr'>regem</span> <span class='ocrx_word' id='word_1_281' title='bbox 523 1183 591 1214; x_wconf 83' lang='lat' dir='ltr'>apud</span> <span class='ocrx_word' id='word_1_282' title='bbox 603 1183 691 1206; x_wconf 85' lang='lat' dir='ltr'>Bactra</span> <span class='ocrx_word' id='word_1_283' title='bbox 707 1183 806 1206; x_wconf 89' lang='lat' dir='ltr'>demum</span> <span class='ocrx_word' id='word_1_284' title='bbox 817 1183 942 1207; x_wconf 85' lang='lat' dir='ltr'>consecuti</span> <span class='ocrx_word' id='word_1_285' title='bbox 957 1186 1023 1214; x_wconf 85' lang='lat' dir='ltr'>sunt,</span> 
     </span>
     <span class='ocr_line' id='line_1_33' title="bbox 43 1216 1024 1247; baseline 0.001 -7"><span class='ocrx_word' id='word_1_286' title='bbox 43 1223 121 1246; x_wconf 89' lang='lat' dir='ltr'>quum</span> <span class='ocrx_word' id='word_1_287' title='bbox 130 1216 228 1240; x_wconf 88' lang='lat' dir='ltr'>interim</span> <span class='ocrx_word' id='word_1_288' title='bbox 239 1216 364 1247; x_wconf 87' lang='lat' dir='ltr'>Antipatri</span> <span class='ocrx_word' id='word_1_289' title='bbox 374 1217 478 1240; x_wconf 85' lang='lat' dir='ltr'>victoria</span> <span class='ocrx_word' id='word_1_290' title='bbox 497 1220 520 1239; x_wconf 89' lang='lat' dir='ltr'>et</span> <span class='ocrx_word' id='word_1_291' title='bbox 530 1223 590 1240; x_wconf 87' lang='lat' dir='ltr'>nece</span> <span class='ocrx_word' id='word_1_292' title='bbox 605 1216 694 1247; x_wconf 81' lang='lat' dir='ltr'>Agidis</span> <span class='ocrx_word' id='word_1_293' title='bbox 709 1217 734 1239; x_wconf 91' lang='lat' dir='ltr'>in</span> <span class='ocrx_word' id='word_1_294' title='bbox 745 1217 855 1241; x_wconf 85' lang='lat' dir='ltr'>Arcadia</span> <span class='ocrx_word' id='word_1_295' title='bbox 873 1221 1024 1241; x_wconf 86' lang='lat' dir='ltr'>transactum</span> 
     </span>
     <span class='ocr_line' id='line_1_34' title="bbox 44 1249 1024 1282; baseline 0.001 -8"><span class='ocrx_word' id='word_1_296' title='bbox 44 1254 118 1274; x_wconf 89' lang='lat' dir='ltr'>esset.</span> <span class='ocrx_word' id='word_1_297' title='bbox 140 1250 205 1274; x_wconf 84' lang='lat' dir='ltr'>Sane</span> <span class='ocrx_word' id='word_1_298' title='bbox 215 1251 263 1274; x_wconf 83' lang='lat' dir='ltr'>iam</span> <span class='ocrx_word' id='word_1_299' title='bbox 273 1250 369 1281; x_wconf 87' lang='lat' dir='ltr'>pridem</span> <span class='ocrx_word' id='word_1_300' title='bbox 377 1268 382 1277; x_wconf 84' lang='lat'>,</span> <span class='ocrx_word' id='word_1_301' title='bbox 393 1249 501 1274; x_wconf 88' lang='lat' dir='ltr'>tumultu</span> <span class='ocrx_word' id='word_1_302' title='bbox 512 1250 768 1274; x_wconf 85' lang='lat' dir='ltr'>Lacedaemoniorum</span> <span class='ocrx_word' id='word_1_303' title='bbox 778 1251 878 1282; x_wconf 85' lang='lat' dir='ltr'>cognito</span> <span class='ocrx_word' id='word_1_304' title='bbox 886 1269 892 1279; x_wconf 85' lang='lat'>,</span> <span class='ocrx_word' id='word_1_305' title='bbox 904 1255 1024 1281; x_wconf 87' lang='lat' dir='ltr'>quantum</span> 
     </span>
     <span class='ocr_line' id='line_1_35' title="bbox 43 1284 1023 1316; baseline 0.001 -9"><span class='ocrx_word' id='word_1_306' title='bbox 43 1288 79 1307; x_wconf 89' lang='lat' dir='ltr'>tot</span> <span class='ocrx_word' id='word_1_307' title='bbox 96 1288 216 1308; x_wconf 86' lang='lat' dir='ltr'>terrarum</span> <span class='ocrx_word' id='word_1_308' title='bbox 237 1284 325 1315; x_wconf 82' lang='lat' dir='ltr'>spatiis</span> <span class='ocrx_word' id='word_1_309' title='bbox 345 1284 466 1308; x_wconf 86' lang='lat' dir='ltr'>discretus</span> <span class='ocrx_word' id='word_1_310' title='bbox 481 1285 577 1315; x_wconf 89' lang='lat' dir='ltr'>potuit,</span> <span class='ocrx_word' id='word_1_311' title='bbox 598 1284 752 1315; x_wconf 84' lang='lat' dir='ltr'>providerat:</span> <span class='ocrx_word' id='word_1_312' title='bbox 772 1284 953 1316; x_wconf 81' lang='lat' dir='ltr'>Amphoterum</span> <span class='ocrx_word' id='word_1_313' title='bbox 969 1293 1023 1308; x_wconf 90' lang='lat' dir='ltr'>cum</span> 
     </span>
     <span class='ocr_line' id='line_1_36' title="bbox 44 1317 1023 1350; baseline 0.002 -9"><span class='ocrx_word' id='word_1_314' title='bbox 44 1317 142 1349; x_wconf 82' lang='lat' dir='ltr'>Cypriis</span> <span class='ocrx_word' id='word_1_315' title='bbox 153 1322 176 1341; x_wconf 92' lang='lat' dir='ltr'>et</span> <span class='ocrx_word' id='word_1_316' title='bbox 187 1318 328 1342; x_wconf 88' lang='lat' dir='ltr'>Phoeniciis</span> <span class='ocrx_word' id='word_1_317' title='bbox 339 1318 445 1342; x_wconf 88' lang='lat' dir='ltr'>navibus</span> <span class='ocrx_word' id='word_1_318' title='bbox 457 1318 481 1341; x_wconf 93' lang='lat' dir='ltr'>in</span> <span class='ocrx_word' id='word_1_319' title='bbox 492 1318 691 1349; x_wconf 87' lang='lat' dir='ltr'>Peloponnesum</span> <span class='ocrx_word' id='word_1_320' title='bbox 703 1318 821 1350; x_wconf 83' lang='lat' dir='ltr'>navigare</span> <span class='ocrx_word' id='word_1_321' title='bbox 829 1336 834 1346; x_wconf 89' lang='lat'>‚</span> <span class='ocrx_word' id='word_1_322' title='bbox 854 1318 967 1343; x_wconf 89' lang='lat' dir='ltr'>Meneten</span> <span class='ocrx_word' id='word_1_323' title='bbox 977 1320 1023 1343; x_wconf 83' lang='lat' dir='ltr'>tria</span> 
     </span>
     <span class='ocr_line' id='line_1_37' title="bbox 43 1351 1022 1384; baseline 0.001 -9"><span class='ocrx_word' id='word_1_324' title='bbox 43 1351 114 1376; x_wconf 84' lang='lat' dir='ltr'>milia</span> <span class='ocrx_word' id='word_1_325' title='bbox 129 1351 249 1376; x_wconf 72' lang='lat' dir='ltr'>talentum</span> <span class='ocrx_word' id='word_1_326' title='bbox 266 1352 298 1376; x_wconf 84' lang='lat' dir='ltr'>ad</span> <span class='ocrx_word' id='word_1_327' title='bbox 309 1359 377 1375; x_wconf 81' lang='lat' dir='ltr'>mare</span> <span class='ocrx_word' id='word_1_328' title='bbox 389 1352 486 1376; x_wconf 76' lang='lat' dir='ltr'>deferre</span> <span class='ocrx_word' id='word_1_329' title='bbox 505 1353 625 1380; x_wconf 86' lang='lat' dir='ltr'>iusserat,</span> <span class='ocrx_word' id='word_1_330' title='bbox 644 1356 670 1376; x_wconf 93' lang='lat' dir='ltr'>ut</span> <span class='ocrx_word' id='word_1_331' title='bbox 688 1360 719 1376; x_wconf 87' lang='lat' dir='ltr'>ex</span> <span class='ocrx_word' id='word_1_332' title='bbox 732 1353 873 1384; x_wconf 88' lang='lat' dir='ltr'>propinquo</span> <span class='ocrx_word' id='word_1_333' title='bbox 891 1354 1022 1384; x_wconf 84' lang='lat' dir='ltr'>pecuniam</span> 
     </span>
     <span class='ocr_line' id='line_1_38' title="bbox 44 1386 1023 1418; baseline 0.001 -9"><span class='ocrx_word' id='word_1_334' title='bbox 44 1386 176 1417; x_wconf 86' lang='lat' dir='ltr'>Antipatro</span> <span class='ocrx_word' id='word_1_335' title='bbox 194 1387 407 1414; x_wconf 81' lang='lat' dir='ltr'>subministraret,</span> <span class='ocrx_word' id='word_1_336' title='bbox 428 1390 521 1416; x_wconf 82' lang='lat' dir='ltr'>quanta</span> <span class='ocrx_word' id='word_1_337' title='bbox 534 1386 603 1409; x_wconf 89' lang='lat' dir='ltr'>illum</span> <span class='ocrx_word' id='word_1_338' title='bbox 616 1386 728 1418; x_wconf 85' lang='lat' dir='ltr'>indigere</span> <span class='ocrx_word' id='word_1_339' title='bbox 745 1387 911 1418; x_wconf 86' lang='lat' dir='ltr'>cognovisset.</span> <span class='ocrx_word' id='word_1_340' title='bbox 944 1387 1023 1411; x_wconf 88' lang='lat' dir='ltr'>Probe</span> 
     </span>
     <span class='ocr_line' id='line_1_39' title="bbox 44 1420 1024 1452; baseline 0.001 -8"><span class='ocrx_word' id='word_1_341' title='bbox 44 1421 110 1444; x_wconf 84' lang='lat' dir='ltr'>enim</span> <span class='ocrx_word' id='word_1_342' title='bbox 127 1424 304 1452; x_wconf 68' lang='lat' dir='ltr'>perspexerat,</span> <span class='ocrx_word' id='word_1_343' title='bbox 324 1421 409 1450; x_wconf 81' lang='lat' dir='ltr'>quanti</span> <span class='ocrx_word' id='word_1_344' title='bbox 426 1421 458 1444; x_wconf 83' lang='lat' dir='ltr'>ad</span> <span class='ocrx_word' id='word_1_345' title='bbox 475 1420 558 1443; x_wconf 88' lang='lat' dir='ltr'>omnia</span> <span class='ocrx_word' id='word_1_346' title='bbox 576 1421 694 1444; x_wconf 85' lang='lat' dir='ltr'>momenti</span> <span class='ocrx_word' id='word_1_347' title='bbox 709 1424 792 1444; x_wconf 82' lang='lat' dir='ltr'>motus</span> <span class='ocrx_word' id='word_1_348' title='bbox 810 1420 881 1444; x_wconf 83' lang='lat' dir='ltr'>istius</span> <span class='ocrx_word' id='word_1_349' title='bbox 896 1421 1024 1445; x_wconf 77' lang='lat' dir='ltr'>inclinatio</span> 
     </span>
     <span class='ocr_line' id='line_1_40' title="bbox 44 1454 1023 1487; baseline 0 -9"><span class='ocrx_word' id='word_1_350' title='bbox 44 1454 128 1478; x_wconf 76' lang='lat' dir='ltr'>futura</span> <span class='ocrx_word' id='word_1_351' title='bbox 138 1457 212 1483; x_wconf 80' lang='lat' dir='ltr'>esset,</span> <span class='ocrx_word' id='word_1_352' title='bbox 224 1461 375 1485; x_wconf 85' lang='lat' dir='ltr'>quamquam</span> <span class='ocrx_word' id='word_1_353' title='bbox 388 1454 514 1486; x_wconf 84' lang='lat' dir='ltr'>deinceps,</span> <span class='ocrx_word' id='word_1_354' title='bbox 530 1458 632 1486; x_wconf 79' lang='lat' dir='ltr'>accepto</span> <span class='ocrx_word' id='word_1_355' title='bbox 643 1455 762 1479; x_wconf 90' lang='lat' dir='ltr'>victoriae</span> <span class='ocrx_word' id='word_1_356' title='bbox 771 1455 867 1484; x_wconf 87' lang='lat' dir='ltr'>nuntio,</span> <span class='ocrx_word' id='word_1_357' title='bbox 878 1456 930 1478; x_wconf 86' lang='lat' dir='ltr'>suis</span> <span class='ocrx_word' id='word_1_358' title='bbox 943 1455 1023 1487; x_wconf 88' lang='lat' dir='ltr'>operi—</span> 
     </span>
     <span class='ocr_line' id='line_1_41' title="bbox 44 1488 1024 1521; baseline 0.002 -10"><span class='ocrx_word' id='word_1_359' title='bbox 44 1489 90 1512; x_wconf 88' lang='lat' dir='ltr'>bus</span> <span class='ocrx_word' id='word_1_360' title='bbox 109 1488 134 1512; x_wconf 88' lang='lat' dir='ltr'>id</span> <span class='ocrx_word' id='word_1_361' title='bbox 155 1488 289 1512; x_wconf 87' lang='lat' dir='ltr'>discrimen</span> <span class='ocrx_word' id='word_1_362' title='bbox 311 1495 459 1519; x_wconf 84' lang='lat' dir='ltr'>comparans</span> <span class='ocrx_word' id='word_1_363' title='bbox 478 1489 585 1512; x_wconf 89' lang='lat' dir='ltr'>murium</span> <span class='ocrx_word' id='word_1_364' title='bbox 602 1496 657 1512; x_wconf 87' lang='lat' dir='ltr'>eam</span> <span class='ocrx_word' id='word_1_365' title='bbox 677 1496 787 1521; x_wconf 88' lang='lat' dir='ltr'>pugnam</span> <span class='ocrx_word' id='word_1_366' title='bbox 807 1488 885 1513; x_wconf 79' lang='lat' dir='ltr'>ruisse</span> <span class='ocrx_word' id='word_1_367' title='bbox 895 1489 1024 1513; x_wconf 83' lang='lat' dir='ltr'>cavillatus</span> 
     </span>
     <span class='ocr_line' id='line_1_42' title="bbox 45 1521 1023 1554; baseline 0 -8"><span class='ocrx_word' id='word_1_368' title='bbox 45 1526 91 1546; x_wconf 85' lang='lat' dir='ltr'>est.</span> <span class='ocrx_word' id='word_1_369' title='bbox 130 1521 242 1546; x_wconf 86' lang='lat' dir='ltr'>Ceterum</span> <span class='ocrx_word' id='word_1_370' title='bbox 264 1522 388 1554; x_wconf 80' lang='lat' dir='ltr'>principia</span> <span class='ocrx_word' id='word_1_371' title='bbox 406 1523 460 1546; x_wconf 89' lang='lat' dir='ltr'>eius</span> <span class='ocrx_word' id='word_1_372' title='bbox 479 1522 537 1546; x_wconf 90' lang='lat' dir='ltr'>belli</span> <span class='ocrx_word' id='word_1_373' title='bbox 556 1522 626 1547; x_wconf 87' lang='lat' dir='ltr'>haud</span> <span class='ocrx_word' id='word_1_374' title='bbox 644 1523 800 1554; x_wconf 87' lang='lat' dir='ltr'>improspera</span> <span class='ocrx_word' id='word_1_375' title='bbox 818 1523 1023 1548; x_wconf 81' lang='lat' dir='ltr'>Lacedaemoniis</span> 
     </span>
     <span class='ocr_line' id='line_1_43' title="bbox 45 1555 1023 1588; baseline 0.002 -9"><span class='ocrx_word' id='word_1_376' title='bbox 45 1555 123 1580; x_wconf 80' lang='lat' dir='ltr'>fuere.</span> <span class='ocrx_word' id='word_1_377' title='bbox 135 1557 205 1579; x_wconf 84' lang='lat' dir='ltr'>quta</span> <span class='ocrx_word' id='word_1_378' title='bbox 213 1556 375 1588; x_wconf 83' lang='lat' dir='ltr'>Corrhngum,</span> <span class='ocrx_word' id='word_1_379' title='bbox 382 1557 544 1581; x_wconf 88' lang='lat' dir='ltr'>Macedoniae</span> <span class='ocrx_word' id='word_1_380' title='bbox 554 1556 693 1586; x_wconf 77' lang='lat' dir='ltr'>castellum,</span> <span class='ocrx_word' id='word_1_381' title='bbox 704 1565 760 1581; x_wconf 87' lang='lat' dir='ltr'>cum</span> <span class='ocrx_word' id='word_1_382' title='bbox 768 1557 895 1588; x_wconf 87' lang='lat' dir='ltr'>Antipatri</span> <span class='ocrx_word' id='word_1_383' title='bbox 904 1557 1023 1581; x_wconf 87' lang='lat' dir='ltr'>militibus</span> 
     </span>
     <span class='ocr_line' id='line_1_44' title="bbox 44 1591 1023 1623; baseline 0.002 -10"><span class='ocrx_word' id='word_1_384' title='bbox 44 1591 174 1622; x_wconf 80' lang='lat' dir='ltr'>congressi</span> <span class='ocrx_word' id='word_1_385' title='bbox 184 1591 292 1614; x_wconf 86' lang='lat' dir='ltr'>victores</span> <span class='ocrx_word' id='word_1_386' title='bbox 305 1591 449 1615; x_wconf 81' lang='lat' dir='ltr'>extiterant:</span> <span class='ocrx_word' id='word_1_387' title='bbox 471 1595 494 1615; x_wconf 84' lang='lat' dir='ltr'>et</span> <span class='ocrx_word' id='word_1_388' title='bbox 509 1591 545 1615; x_wconf 84' lang='lat' dir='ltr'>rei</span> <span class='ocrx_word' id='word_1_389' title='bbox 564 1591 626 1615; x_wconf 88' lang='lat' dir='ltr'>bene</span> <span class='ocrx_word' id='word_1_390' title='bbox 637 1594 722 1623; x_wconf 87' lang='lat' dir='ltr'>gestae</span> <span class='ocrx_word' id='word_1_391' title='bbox 738 1591 804 1615; x_wconf 76' lang='lat' dir='ltr'>fama</span> <span class='ocrx_word' id='word_1_392' title='bbox 815 1591 904 1622; x_wconf 88' lang='lat' dir='ltr'>etiam,</span> <span class='ocrx_word' id='word_1_393' title='bbox 915 1591 957 1622; x_wconf 90' lang='lat' dir='ltr'>qui</span> <span class='ocrx_word' id='word_1_394' title='bbox 967 1598 1023 1615; x_wconf 89' lang='lat' dir='ltr'>sus-</span> 
     </span>
     <span class='ocr_line' id='line_1_45' title="bbox 43 1624 1023 1657; baseline 0.002 -11"><span class='ocrx_word' id='word_1_395' title='bbox 43 1624 129 1656; x_wconf 89' lang='lat' dir='ltr'>pensis</span> <span class='ocrx_word' id='word_1_396' title='bbox 144 1624 267 1648; x_wconf 77' lang='lat' dir='ltr'>mentibus</span> <span class='ocrx_word' id='word_1_397' title='bbox 278 1625 402 1649; x_wconf 76' lang='lat' dir='ltr'>fortunam</span> <span class='ocrx_word' id='word_1_398' title='bbox 413 1628 598 1657; x_wconf 80' lang='lat' dir='ltr'>spectaverant,</span> <span class='ocrx_word' id='word_1_399' title='bbox 619 1625 644 1649; x_wconf 86' lang='lat' dir='ltr'>iu</span> <span class='ocrx_word' id='word_1_400' title='bbox 654 1625 799 1649; x_wconf 81' lang='lat' dir='ltr'>societatem</span> <span class='ocrx_word' id='word_1_401' title='bbox 811 1632 896 1649; x_wconf 90' lang='lat' dir='ltr'>eorum</span> <span class='ocrx_word' id='word_1_402' title='bbox 905 1628 1023 1657; x_wconf 72' lang='lat' dir='ltr'>pertracti</span> 
     </span>
     <span class='ocr_line' id='line_1_46' title="bbox 44 1657 1024 1690; baseline 0.002 -9"><span class='ocrx_word' id='word_1_403' title='bbox 44 1662 110 1683; x_wconf 85' lang='lat' dir='ltr'>sunt.</span> <span class='ocrx_word' id='word_1_404' title='bbox 136 1657 188 1682; x_wconf 81' lang='lat' dir='ltr'>Una</span> <span class='ocrx_word' id='word_1_405' title='bbox 203 1666 234 1682; x_wconf 86' lang='lat' dir='ltr'>ex</span> <span class='ocrx_word' id='word_1_406' title='bbox 251 1658 317 1683; x_wconf 83' lang='lat' dir='ltr'>Eleis</span> <span class='ocrx_word' id='word_1_407' title='bbox 333 1659 491 1689; x_wconf 81' lang='lat' dir='ltr'>Achaeisque</span> <span class='ocrx_word' id='word_1_408' title='bbox 505 1659 608 1684; x_wconf 87' lang='lat' dir='ltr'>urbibus</span> <span class='ocrx_word' id='word_1_409' title='bbox 624 1659 721 1683; x_wconf 89' lang='lat' dir='ltr'>Pellene</span> <span class='ocrx_word' id='word_1_410' title='bbox 736 1658 825 1683; x_wconf 80' lang='lat' dir='ltr'>foedus</span> <span class='ocrx_word' id='word_1_411' title='bbox 836 1659 1024 1690; x_wconf 79' lang='lat' dir='ltr'>aspernabatur,</span> 
     </span>
     <span class='ocr_line' id='line_1_47' title="bbox 46 1692 1024 1725; baseline 0 -8"><span class='ocrx_word' id='word_1_412' title='bbox 46 1697 69 1717; x_wconf 87' lang='lat' dir='ltr'>et</span> <span class='ocrx_word' id='word_1_413' title='bbox 83 1692 221 1716; x_wconf 84' lang='lat' dir='ltr'>inArcadia</span> <span class='ocrx_word' id='word_1_414' title='bbox 231 1692 397 1725; x_wconf 81' lang='lat' dir='ltr'>Megalopolis</span> <span class='ocrx_word' id='word_1_415' title='bbox 405 1712 411 1722; x_wconf 79' lang='grc'><em>,</em></span> <span class='ocrx_word' id='word_1_416' title='bbox 428 1693 477 1717; x_wconf 84' lang='lat' dir='ltr'>fida</span> <span class='ocrx_word' id='word_1_417' title='bbox 487 1693 666 1718; x_wconf 82' lang='lat' dir='ltr'>Macedonibus</span> <span class='ocrx_word' id='word_1_418' title='bbox 677 1693 707 1717; x_wconf 92' lang='lat' dir='ltr'>ob</span> <span class='ocrx_word' id='word_1_419' title='bbox 716 1692 826 1724; x_wconf 87' lang='lat' dir='ltr'>Philippi</span> <span class='ocrx_word' id='word_1_420' title='bbox 837 1693 981 1717; x_wconf 76' lang='lat' dir='ltr'>memoriam</span> <span class='ocrx_word' id='word_1_421' title='bbox 989 1711 995 1722; x_wconf 90' lang='lat'>‚</span> <span class='ocrx_word' id='word_1_422' title='bbox 1010 1700 1024 1717; x_wconf 70' lang='lat' dir='ltr'>a</span> 
     </span>
    </p>
   </div>
   <div class='ocr_carea' id='block_1_3' title="bbox 1157 0 1207 1905">
    <p class='ocr_par' dir='ltr' id='par_1_3' title="bbox 1157 0 1207 1905">
     <span class='ocr_line' id='line_1_48' title="bbox 1157 0 1207 1905; baseline 0 0"><span class='ocrx_word' id='word_1_423' title='bbox 1157 0 1207 1905; x_wconf 95' lang='lat' dir='ltr'> </span> 
     </span>
    </p>
   </div>
  </div>
 </body>
</html>
