1215 1895
134 104 175 134 52
478 104 511 140 Q.
534 104 689 134 CURTII
710 105 818 134 RUFI

134 183 339 216 petravemnt.
383 178 574 216 Mitylenaeis
588 188 727 216 quoque,
750 180 788 209 ob
805 181 958 217 egregiam
972 181 1002 211 in
1018 187 1121 219 partes

135 221 242 257 fidem,
258 225 287 250 et
302 220 477 257 pecuniam,
496 229 586 258 quam
600 221 631 251 in
646 222 758 251 bellum
773 221 999 260 impenderant,
1019 224 1121 254 reddi-

135 262 178 291 dit
193 267 221 291 et
236 270 377 298 magnam
392 262 548 299 regionem
564 263 675 293 finibus
690 263 811 293 adiecit.
849 263 1030 301 Cypr10rum
1046 274 1120 302 quo-
1131 270 1162 297 14

136 312 196 340 que
216 303 356 340 regibus,
384 303 435 340 qui
451 308 481 334 et
495 313 513 333 a
528 305 625 334 Dareo
649 305 824 335 defecerant
845 305 884 334 ad
904 305 1007 342 ipsum
1022 311 1052 336 et
1067 315 1120 344 op-

135 344 280 381 pugnanti
294 345 406 383 Tyrum
421 345 567 375 miserant
581 347 726 382 classem,
755 355 809 383 pro
832 346 938 376 merito
954 347 1054 378 honos
1069 348 1120 378 ha-

135 386 215 416 bitus
231 391 286 416 est.

210 428 419 465 Amphoterus
431 428 552 465 deinde,
565 428 674 458 classis
687 430 869 466 praefectus,
882 430 921 459 ad
933 429 1120 461 liberandam
1130 437 1162 462 15

135 469 252 499 Cretam
273 469 387 499 missus
408 474 554 507 (namque
572 474 601 499 et
620 471 781 500 Persarum
796 475 825 500 et
840 471 1060 508 Spartanorum
1074 481 1120 502 ar-

133 511 190 540 mis
207 512 353 548 pleraque
370 511 435 540 eius
452 511 569 541 insulae
585 512 815 547 obsidebantur)
837 517 906 543 ante
922 513 1024 543 omnia
1037 522 1120 544 marc

134 562 151 582 a
167 552 302 589 piraticis
324 552 476 583 classibus
499 553 656 583 vindicare
676 554 795 584 iussus:
819 555 933 591 quippe
956 555 1121 586 obnoxium

133 598 198 623 erat
218 594 441 632 praedonibuS,
468 594 498 624 in
519 595 631 624 bellum
651 599 781 632 utroque
802 604 873 632 rege
897 604 969 625 con·
1013 611 1042 631 Α,
1055 611 1092 632 3³1

133 644 235 666 verso.
258 636 312 665 His
329 636 518 673 compositis,
534 636 657 666 Herculi
665 636 755 673 Tyrio
768 645 807 666 ex
818 646 892 667 auro
904 646 969 666 cra·
989 635 1121 687 ’ἱ-Μίξξξζὶῑξ·
1130 643 1162 670 16

134 682 228 707 teram
244 686 313 707 cum
329 678 449 714 triginta
465 678 580 715 pateris
597 678 722 708 dicavit:
745 678 969 716 imminensque
1026 692 1086 706 vm.

133 720 231 748 Dareo
247 720 303 748 iter
318 719 356 748 ad
372 719 544 756 Euphraten
561 719 749 756 pronuntiari
765 719 861 749 iussit.
988 710 1023 731 ⁰¹·
1042 712 1086 735 ¹¹²¹
1102 712 1119 731 ¹·

570 786 591 814 C
599 786 663 814 AP.
686 786 733 814 IX.

212 843 279 879 (35)
289 845 328 872 At
336 845 461 878 Dareus,
473 852 565 880 quum
574 843 611 872 ab
619 844 761 881 Aegypto
770 843 940 873 devertisse
951 843 980 873 in
987 844 1123 874 Africam
1143 851 1154 875 1

133 884 251 914 hostem
267 885 483 922 comperisset,
500 884 704 920 dubitaverat,
726 888 865 915 utrumne
881 885 962 914 circa
975 886 1119 923 Mesopo-

133 925 254 955 tamiam
275 926 472 962 subsisteret,
498 935 535 955 an
557 925 701 956 interiora
715 926 800 962 regni
818 926 865 956 sui
882 930 1012 963 peteret,
1038 927 1121 957 haud

134 968 225 997 dubie
240 968 392 1005 potentior
408 972 514 998 auctor
534 975 682 1004 praesens
704 968 822 997 futurus
844 968 955 997 ultimis
979 968 1120 1005 gentibus

134 1009 261 1046 lmpigre
272 1010 383 1039 bellurn
397 1009 590 1046 capessendi,
605 1017 680 1046 quas
693 1017 784 1045 aegre
797 1018 851 1046 per
859 1010 1032 1046 praefectos
1044 1018 1120 1040 suos

135 1051 321 1080 moliebatur.
368 1051 430 1080 Sed
458 1056 490 1080 ut
518 1051 637 1080 idoneis
667 1051 842 1080 auctoribus
871 1053 951 1081 sama
977 1052 1119 1088 vulgavit,
1131 1057 1147 1082 ἱ

133 1093 340 1122 Alexandrum
357 1101 424 1122 cum
440 1092 580 1122 omnibus
597 1092 710 1129 copiis,
728 1101 941 1130 quamcunque
956 1093 1024 1129 ipse
1038 1092 1118 1122 adis*

134 1137 180 1163 set
195 1134 358 1171 regionem,
377 1134 553 1171 petiturum:
570 1134 650 1163 haud
666 1133 798 1170 ignarus,
811 1143 901 1171 quam
914 1143 983 1164 cum
995 1138 1119 1164 strenuo

132 1183 182 1204 res
192 1179 283 1211 esset,
297 1175 398 1205 onmia
409 1176 642 1213 longinquarum
654 1176 786 1212 gentium
799 1176 912 1205 auxilia
919 1176 1119 1213 Babyloniam

134 1216 270 1246 contrahi
286 1217 384 1246 iussit.
406 1217 560 1246 Bactriani
573 1217 768 1254 Scythaeque
779 1222 808 1247 ct
820 1217 885 1246 Indi
898 1222 1118 1247 convenerant:

134 1267 202 1288 nani
219 1261 248 1287 et
263 1263 429 1288 ceterarum
441 1259 573 1295 gentium
586 1258 693 1294 copiae
708 1258 843 1295 partibus
857 1258 945 1288 simul
958 1258 1118 1288 affuerunt.

134 1301 280 1336 Ceterum,
298 1309 389 1336 quum
406 1300 529 1329 dimidio
544 1301 637 1329 ferme
648 1299 744 1329 maior
756 1305 839 1329 esset
854 1300 1015 1336 exercitus,
1029 1309 1120 1337 quam
1130 1305 1146 1331 3

133 1342 162 1370 in
180 1341 282 1370 Cilicia
298 1342 409 1375 fuerat,
433 1341 533 1371 multis
550 1349 633 1370 arma
648 1341 788 1370 deerant:
813 1350 891 1378 quae
913 1350 1030 1371 summa
1045 1350 1120 1371 cura

133 1383 395 1420 comparabantur.
439 1383 598 1420 Equitibus
618 1383 767 1419 equisque
790 1387 964 1419 tegumenta
978 1388 1064 1413 erant
1079 1392 1119 1413 ex

133 1425 239 1454 ferreis
256 1425 374 1455 laminis
391 1425 470 1454 serie
486 1425 562 1454 intcr
578 1433 612 1454 se
628 1424 792 1454 connexis:
810 1424 878 1462 quis
897 1428 986 1454 antea
998 1428 1119 1461 praeter

132 1466 231 1496 iacula
247 1466 320 1496 nihil
335 1467 473 1501 dederat,
498 1471 584 1496 scuta
598 1466 751 1503 gladiique
767 1466 998 1495 adiiciebantur:
1024 1475 1118 1503 equo·
1129 1472 1145 1496 υ)

132 1516 261 1545 rumque
277 1508 420 1538 domandi
436 1516 545 1545 greges
561 1508 714 1545 peditibus
737 1508 886 1537 distributi
903 1512 993 1544 sunt,
1009 1512 1042 1537 ut
1056 1516 1117 1537 ma-

134 1549 179 1578 ior
205 1550 333 1586 pristino
361 1555 444 1579 esset
470 1550 638 1586 equitatus:
666 1549 850 1586 ingensque,
879 1553 912 1578 ut
938 1549 1116 1585 crediderat,

134 1591 265 1620 hostium
281 1596 378 1621 terror
393 1592 541 1622 ducentae
559 1593 685 1621 falcatae
708 1591 888 1628 quadrigae,
911 1591 1032 1620 unicum
1053 1590 1117 1620 illa-

132 1640 198 1662 rum
214 1633 347 1670 gentium
361 1633 521 1669 auxilium,
544 1638 667 1663 secutae
683 1637 761 1662 sunt.
804 1633 850 1662 Ex
867 1641 982 1662 summo
998 1636 1142 1663 temones

133 1674 239 1704 hastae
256 1675 409 1711 praefixae
432 1675 511 1705 serro
529 1675 714 1705 eminebant:
730 1673 880 1711 utrimque
895 1683 913 1703 a
928 1674 998 1711 iugo
1014 1678 1117 1705 ternos

136 1715 286 1745 direxerat
301 1716 435 1753 gladios:
451 1717 528 1746 inter
542 1717 646 1746 radios
661 1720 792 1746 rotarum
808 1717 896 1753 plura
910 1716 1029 1753 spicula
1043 1715 1115 1746 emi-
