<?xml version="1.0" encoding="UTF-8"?>
<!DOCTYPE html PUBLIC "-//W3C//DTD XHTML 1.0 Transitional//EN"
    "http://www.w3.org/TR/xhtml1/DTD/xhtml1-transitional.dtd">
<html xmlns="http://www.w3.org/1999/xhtml" xml:lang="en" lang="en">
 <head>
  <title>
</title>
<meta http-equiv="Content-Type" content="text/html;charset=utf-8" />
  <meta name='ocr-system' content='tesseract 3.04.00' />
  <meta name='ocr-capabilities' content='ocr_page ocr_carea ocr_par ocr_line ocrx_word'/>
</head>
<body>
  <div class='ocr_page' id='page_1' title='image "./degestisalexand00curtuoft_0294.png"; bbox 0 0 1215 1905; ppageno 0'>
   <div class='ocr_carea' id='block_1_1' title="bbox 118 126 802 162">
    <p class='ocr_par' dir='ltr' id='par_1_1' title="bbox 118 126 802 162">
     <span class='ocr_line' id='line_1_1' title="bbox 118 126 802 162; baseline -0.009 -2"><span class='ocrx_word' id='word_1_1' title='bbox 118 129 182 160; x_wconf 78' lang='lat'>266</span> <span class='ocrx_word' id='word_1_2' title='bbox 464 127 497 162; x_wconf 86' lang='lat' dir='ltr'>Q.</span> <span class='ocrx_word' id='word_1_3' title='bbox 521 126 675 155; x_wconf 84' lang='lat' dir='ltr'>CURTII</span> <span class='ocrx_word' id='word_1_4' title='bbox 697 126 802 154; x_wconf 81' lang='lat' dir='ltr'>RUFI</span> 
     </span>
    </p>
   </div>
   <div class='ocr_carea' id='block_1_2' title="bbox 113 199 1176 1769">
    <p class='ocr_par' dir='ltr' id='par_1_2' title="bbox 119 199 1131 480">
     <span class='ocr_line' id='line_1_2' title="bbox 120 199 1103 236; baseline -0.003 -3"><span class='ocrx_word' id='word_1_5' title='bbox 120 212 171 233; x_wconf 90' lang='lat' dir='ltr'>res</span> <span class='ocrx_word' id='word_1_6' title='bbox 185 200 405 232; x_wconf 81' lang='lat' dir='ltr'>Macedonibus</span> <span class='ocrx_word' id='word_1_7' title='bbox 423 200 595 236; x_wconf 89' lang='lat' dir='ltr'>videbatur,</span> <span class='ocrx_word' id='word_1_8' title='bbox 616 199 790 230; x_wconf 82' lang='lat' dir='ltr'>Perdiccam</span> <span class='ocrx_word' id='word_1_9' title='bbox 812 201 850 229; x_wconf 87' lang='lat' dir='ltr'>ad</span> <span class='ocrx_word' id='word_1_10' title='bbox 866 199 971 230; x_wconf 87' lang='lat' dir='ltr'>mortis</span> <span class='ocrx_word' id='word_1_11' title='bbox 985 201 1103 236; x_wconf 88' lang='lat' dir='ltr'>pericu-</span> 
     </span>
     <span class='ocr_line' id='line_1_3' title="bbox 121 241 1104 279; baseline -0.002 -5"><span class='ocrx_word' id='word_1_12' title='bbox 121 246 182 274; x_wconf 88' lang='lat' dir='ltr'>lum</span> <span class='ocrx_word' id='word_1_13' title='bbox 204 244 382 278; x_wconf 83' lang='lat' dir='ltr'>adductum,</span> <span class='ocrx_word' id='word_1_14' title='bbox 406 246 436 272; x_wconf 89' lang='lat' dir='ltr'>et</span> <span class='ocrx_word' id='word_1_15' title='bbox 455 242 598 279; x_wconf 74' lang='lat' dir='ltr'>Meleagri</span> <span class='ocrx_word' id='word_1_16' title='bbox 619 241 814 271; x_wconf 67' lang='lat' dir='ltr'><strong>temeritatem</strong></span> <span class='ocrx_word' id='word_1_17' title='bbox 836 241 927 270; x_wconf 88' lang='lat' dir='ltr'>armis</span> <span class='ocrx_word' id='word_1_18' title='bbox 950 241 1042 270; x_wconf 88' lang='lat' dir='ltr'>ultum</span> <span class='ocrx_word' id='word_1_19' title='bbox 1060 242 1104 272; x_wconf 88' lang='lat' dir='ltr'>ire</span> 
     </span>
     <span class='ocr_line' id='line_1_4' title="bbox 121 282 1131 320; baseline -0.003 -5"><span class='ocrx_word' id='word_1_20' title='bbox 121 287 328 315; x_wconf 83' lang='lat' dir='ltr'>decreverant.</span> <span class='ocrx_word' id='word_1_21' title='bbox 369 284 471 320; x_wconf 83' lang='lat' dir='ltr'>Atque</span> <span class='ocrx_word' id='word_1_22' title='bbox 486 283 550 320; x_wconf 85' lang='lat' dir='ltr'>ille,</span> <span class='ocrx_word' id='word_1_23' title='bbox 573 283 722 313; x_wconf 88' lang='lat' dir='ltr'>seditione</span> <span class='ocrx_word' id='word_1_24' title='bbox 739 282 877 320; x_wconf 83' lang='lat' dir='ltr'>provisa,</span> <span class='ocrx_word' id='word_1_25' title='bbox 895 291 987 320; x_wconf 91' lang='lat' dir='ltr'>quum</span> <span class='ocrx_word' id='word_1_26' title='bbox 1002 289 1131 319; x_wconf 79' lang='lat' dir='ltr'>regemfi</span> 
     </span>
     <span class='ocr_line' id='line_1_5' title="bbox 121 324 1099 362; baseline -0.003 -6"><span class='ocrx_word' id='word_1_27' title='bbox 121 327 273 362; x_wconf 86' lang='lat' dir='ltr'>adissent,</span> <span class='ocrx_word' id='word_1_28' title='bbox 296 325 482 362; x_wconf 87' lang='lat' dir='ltr'>interrogare</span> <span class='ocrx_word' id='word_1_29' title='bbox 504 333 572 354; x_wconf 90' lang='lat' dir='ltr'>eum</span> <span class='ocrx_word' id='word_1_30' title='bbox 589 324 704 361; x_wconf 88' lang='lat' dir='ltr'>coepit,</span> <span class='ocrx_word' id='word_1_31' title='bbox 725 333 763 353; x_wconf 90' lang='lat' dir='ltr'>an</span> <span class='ocrx_word' id='word_1_32' title='bbox 778 324 952 354; x_wconf 82' lang='lat' dir='ltr'>Perdiccam</span> <span class='ocrx_word' id='word_1_33' title='bbox 967 332 1099 361; x_wconf 84' lang='lat' dir='ltr'>compre-</span> 
     </span>
     <span class='ocr_line' id='line_1_6' title="bbox 121 365 1104 404; baseline 0 -8"><span class='ocrx_word' id='word_1_34' title='bbox 121 367 211 397; x_wconf 88' lang='lat' dir='ltr'>hendi</span> <span class='ocrx_word' id='word_1_35' title='bbox 228 367 296 404; x_wconf 91' lang='lat' dir='ltr'>ipse</span> <span class='ocrx_word' id='word_1_36' title='bbox 311 366 463 396; x_wconf 84' lang='lat' dir='ltr'>iussisset.</span> <span class='ocrx_word' id='word_1_37' title='bbox 505 367 574 403; x_wconf 88' lang='lat' dir='ltr'>Ille,</span> <span class='ocrx_word' id='word_1_38' title='bbox 594 365 737 402; x_wconf 74' lang='lat' dir='ltr'>Meleagri</span> <span class='ocrx_word' id='word_1_39' title='bbox 752 365 910 402; x_wconf 87' lang='lat' dir='ltr'>instinctu,</span> <span class='ocrx_word' id='word_1_40' title='bbox 926 374 959 395; x_wconf 88' lang='lat' dir='ltr'>se</span> <span class='ocrx_word' id='word_1_41' title='bbox 975 365 1104 396; x_wconf 88' lang='lat' dir='ltr'>iussisse</span> 
     </span>
     <span class='ocr_line' id='line_1_7' title="bbox 120 406 1103 446; baseline -0.003 -7"><span class='ocrx_word' id='word_1_42' title='bbox 120 408 295 446; x_wconf 84' lang='lat' dir='ltr'><strong>respondit:</strong></span> <span class='ocrx_word' id='word_1_43' title='bbox 311 412 444 438; x_wconf 89' lang='lat' dir='ltr'>ceterum</span> <span class='ocrx_word' id='word_1_44' title='bbox 459 415 519 437; x_wconf 91' lang='lat' dir='ltr'>non</span> <span class='ocrx_word' id='word_1_45' title='bbox 537 409 649 437; x_wconf 89' lang='lat' dir='ltr'>debere</span> <span class='ocrx_word' id='word_1_46' title='bbox 664 407 835 437; x_wconf 86' lang='lat' dir='ltr'>tumultuari</span> <span class='ocrx_word' id='word_1_47' title='bbox 851 416 914 444; x_wconf 91' lang='lat' dir='ltr'>eos,</span> <span class='ocrx_word' id='word_1_48' title='bbox 929 406 1103 436; x_wconf 83' lang='lat' dir='ltr'>Perdiccam</span> 
     </span>
     <span class='ocr_line' id='line_1_8' title="bbox 119 450 328 480; baseline -0.01 0"><span class='ocrx_word' id='word_1_49' title='bbox 119 451 200 480; x_wconf 90' lang='lat' dir='ltr'>enim</span> <span class='ocrx_word' id='word_1_50' title='bbox 216 450 328 479; x_wconf 86' lang='lat' dir='ltr'>vivere.</span> 
     </span>
    </p>

    <p class='ocr_par' dir='ltr' id='par_1_3' title="bbox 114 489 1176 1520">
     <span class='ocr_line' id='line_1_9' title="bbox 203 489 1131 527; baseline 0 -6"><span class='ocrx_word' id='word_1_51' title='bbox 203 491 270 527; x_wconf 71' lang='lat'>(26)</span> <span class='ocrx_word' id='word_1_52' title='bbox 291 490 384 527; x_wconf 78' lang='lat' dir='ltr'>Igitur</span> <span class='ocrx_word' id='word_1_53' title='bbox 399 490 547 520; x_wconf 81' lang='lat' dir='ltr'>concione</span> <span class='ocrx_word' id='word_1_54' title='bbox 568 489 694 520; x_wconf 88' lang='lat' dir='ltr'>dimissa</span> <span class='ocrx_word' id='word_1_55' title='bbox 714 490 866 526; x_wconf 74' lang='lat' dir='ltr'>Meleager</span> <span class='ocrx_word' id='word_1_56' title='bbox 887 491 1022 527; x_wconf 89' lang='lat' dir='ltr'>equitum</span> <span class='ocrx_word' id='word_1_57' title='bbox 1043 494 1131 521; x_wconf 89' lang='lat' dir='ltr'>ma-7</span> 
     </span>
     <span class='ocr_line' id='line_1_10' title="bbox 119 531 1103 569; baseline -0.002 -7"><span class='ocrx_word' id='word_1_58' title='bbox 119 534 200 563; x_wconf 82' lang='lat' dir='ltr'>xime</span> <span class='ocrx_word' id='word_1_59' title='bbox 216 532 387 562; x_wconf 78' lang='lat' dir='ltr'>desectione</span> <span class='ocrx_word' id='word_1_60' title='bbox 402 531 578 569; x_wconf 86' lang='lat' dir='ltr'>perterritus</span> <span class='ocrx_word' id='word_1_61' title='bbox 593 531 745 568; x_wconf 86' lang='lat' dir='ltr'>inopsque</span> <span class='ocrx_word' id='word_1_62' title='bbox 758 531 879 561; x_wconf 85' lang='lat' dir='ltr'>consilii</span> <span class='ocrx_word' id='word_1_63' title='bbox 893 548 929 552; x_wconf 86' lang='lat'><em>—</em></span> <span class='ocrx_word' id='word_1_64' title='bbox 944 532 1059 568; x_wconf 86' lang='lat' dir='ltr'>quippe</span> <span class='ocrx_word' id='word_1_65' title='bbox 1073 531 1103 560; x_wconf 92' lang='lat' dir='ltr'>in</span> 
     </span>
     <span class='ocr_line' id='line_1_11' title="bbox 119 573 1102 612; baseline -0.002 -8"><span class='ocrx_word' id='word_1_66' title='bbox 119 575 221 612; x_wconf 86' lang='lat' dir='ltr'>ipsum</span> <span class='ocrx_word' id='word_1_67' title='bbox 237 573 405 611; x_wconf 86' lang='lat' dir='ltr'>periculum</span> <span class='ocrx_word' id='word_1_68' title='bbox 421 573 585 609; x_wconf 83' lang='lat' dir='ltr'>reciderat,</span> <span class='ocrx_word' id='word_1_69' title='bbox 609 574 692 610; x_wconf 90' lang='lat' dir='ltr'>quod</span> <span class='ocrx_word' id='word_1_70' title='bbox 714 573 835 603; x_wconf 90' lang='lat' dir='ltr'>inimico</span> <span class='ocrx_word' id='word_1_71' title='bbox 858 574 949 610; x_wconf 84' lang='lat' dir='ltr'>paulo</span> <span class='ocrx_word' id='word_1_72' title='bbox 970 578 1039 602; x_wconf 87' lang='lat' dir='ltr'>ante</span> <span class='ocrx_word' id='word_1_73' title='bbox 1059 573 1102 602; x_wconf 93' lang='lat' dir='ltr'>in-</span> 
     </span>
     <span class='ocr_line' id='line_1_12' title="bbox 119 614 1102 651; baseline -0.002 -6"><span class='ocrx_word' id='word_1_74' title='bbox 119 617 257 646; x_wconf 75' lang='lat' dir='ltr'>tenderat</span> <span class='ocrx_word' id='word_1_75' title='bbox 272 632 313 636; x_wconf 90' lang='lat'>—-</span> <span class='ocrx_word' id='word_1_76' title='bbox 328 615 458 645; x_wconf 89' lang='lat' dir='ltr'>triduum</span> <span class='ocrx_word' id='word_1_77' title='bbox 473 616 536 643; x_wconf 80' lang='lat' dir='ltr'>sere</span> <span class='ocrx_word' id='word_1_78' title='bbox 552 614 742 651; x_wconf 72' lang='lat' dir='ltr'>consumpsit</span> <span class='ocrx_word' id='word_1_79' title='bbox 762 615 877 644; x_wconf 85' lang='lat' dir='ltr'>incerta</span> <span class='ocrx_word' id='word_1_80' title='bbox 898 614 1025 644; x_wconf 87' lang='lat' dir='ltr'>consilia</span> <span class='ocrx_word' id='word_1_81' title='bbox 1040 615 1102 644; x_wconf 84' lang='lat' dir='ltr'>vol-</span> 
     </span>
     <span class='ocr_line' id='line_1_13' title="bbox 121 655 1132 693; baseline 0 -7"><span class='ocrx_word' id='word_1_82' title='bbox 121 658 230 686; x_wconf 75' lang='lat' dir='ltr'>vendo.</span> <span class='ocrx_word' id='word_1_83' title='bbox 272 657 309 685; x_wconf 85' lang='lat' dir='ltr'>Et</span> <span class='ocrx_word' id='word_1_84' title='bbox 324 656 451 693; x_wconf 86' lang='lat' dir='ltr'>pristina</span> <span class='ocrx_word' id='word_1_85' title='bbox 468 656 589 692; x_wconf 89' lang='lat' dir='ltr'>quidem</span> <span class='ocrx_word' id='word_1_86' title='bbox 603 656 706 692; x_wconf 84' lang='lat' dir='ltr'>regiae</span> <span class='ocrx_word' id='word_1_87' title='bbox 721 655 842 693; x_wconf 88' lang='lat' dir='ltr'>species</span> <span class='ocrx_word' id='word_1_88' title='bbox 859 656 1013 686; x_wconf 85' lang='lat' dir='ltr'>manebat:</span> <span class='ocrx_word' id='word_1_89' title='bbox 1035 664 1104 685; x_wconf 91' lang='lat' dir='ltr'>nam</span> <span class='ocrx_word' id='word_1_90' title='bbox 1115 661 1132 686; x_wconf 84' lang='lat'>8</span> 
     </span>
     <span class='ocr_line' id='line_1_14' title="bbox 119 697 1102 735; baseline -0.002 -7"><span class='ocrx_word' id='word_1_91' title='bbox 119 704 149 728; x_wconf 88' lang='lat' dir='ltr'>et</span> <span class='ocrx_word' id='word_1_92' title='bbox 163 697 253 735; x_wconf 85' lang='lat' dir='ltr'>legati</span> <span class='ocrx_word' id='word_1_93' title='bbox 269 698 401 734; x_wconf 81' lang='lat' dir='ltr'>gentium</span> <span class='ocrx_word' id='word_1_94' title='bbox 422 705 524 734; x_wconf 88' lang='lat' dir='ltr'>regem</span> <span class='ocrx_word' id='word_1_95' title='bbox 545 697 669 727; x_wconf 88' lang='lat' dir='ltr'>adibant</span> <span class='ocrx_word' id='word_1_96' title='bbox 687 702 716 727; x_wconf 85' lang='lat' dir='ltr'>et</span> <span class='ocrx_word' id='word_1_97' title='bbox 739 697 895 734; x_wconf 83' lang='lat' dir='ltr'>copiarum</span> <span class='ocrx_word' id='word_1_98' title='bbox 916 698 1011 726; x_wconf 87' lang='lat' dir='ltr'>duces</span> <span class='ocrx_word' id='word_1_99' title='bbox 1031 698 1102 726; x_wconf 91' lang='lat' dir='ltr'>ade-</span> 
     </span>
     <span class='ocr_line' id='line_1_15' title="bbox 118 738 1176 775; baseline 0 -6"><span class='ocrx_word' id='word_1_100' title='bbox 118 744 184 769; x_wconf 83' lang='lat' dir='ltr'>rant</span> <span class='ocrx_word' id='word_1_101' title='bbox 200 744 229 769; x_wconf 89' lang='lat' dir='ltr'>et</span> <span class='ocrx_word' id='word_1_102' title='bbox 245 739 426 768; x_wconf 81' lang='lat' dir='ltr'>vestibulum</span> <span class='ocrx_word' id='word_1_103' title='bbox 442 738 586 768; x_wconf 78' lang='lat' dir='ltr'>satellites</span> <span class='ocrx_word' id='word_1_104' title='bbox 601 739 769 775; x_wconf 84' lang='lat' dir='ltr'>armatique</span> <span class='ocrx_word' id='word_1_105' title='bbox 785 740 1020 775; x_wconf 86' lang='lat' dir='ltr'>compleverant.</span> <span class='ocrx_word' id='word_1_106' title='bbox 1043 738 1104 767; x_wconf 85' lang='lat' dir='ltr'>Sed</span> <span class='ocrx_word' id='word_1_107' title='bbox 1116 743 1132 769; x_wconf 85' lang='lat'><strong>9</strong></span> <span class='ocrx_word' id='word_1_108' title='bbox 1174 756 1176 762; x_wconf 45' lang='grc' dir='ltr'>ι</span> 
     </span>
     <span class='ocr_line' id='line_1_16' title="bbox 119 779 1103 818; baseline -0.002 -8"><span class='ocrx_word' id='word_1_109' title='bbox 119 781 226 818; x_wconf 83' lang='lat' dir='ltr'>ingens</span> <span class='ocrx_word' id='word_1_110' title='bbox 243 789 298 810; x_wconf 87' lang='lat' dir='ltr'>sua</span> <span class='ocrx_word' id='word_1_111' title='bbox 320 785 431 817; x_wconf 88' lang='lat' dir='ltr'>sponte</span> <span class='ocrx_word' id='word_1_112' title='bbox 452 780 600 810; x_wconf 82' lang='lat' dir='ltr'>maestitia</span> <span class='ocrx_word' id='word_1_113' title='bbox 621 780 743 810; x_wconf 87' lang='lat' dir='ltr'>ultimae</span> <span class='ocrx_word' id='word_1_114' title='bbox 767 779 990 817; x_wconf 81' lang='lat' dir='ltr'>desperationis</span> <span class='ocrx_word' id='word_1_115' title='bbox 1010 780 1103 809; x_wconf 86' lang='lat' dir='ltr'>index</span> 
     </span>
     <span class='ocr_line' id='line_1_17' title="bbox 118 821 1103 859; baseline -0.001 -8"><span class='ocrx_word' id='word_1_116' title='bbox 118 827 191 858; x_wconf 86' lang='lat' dir='ltr'>erat,</span> <span class='ocrx_word' id='word_1_117' title='bbox 207 822 407 859; x_wconf 86' lang='lat' dir='ltr'>suspectique</span> <span class='ocrx_word' id='word_1_118' title='bbox 421 821 551 851; x_wconf 83' lang='lat' dir='ltr'>invicem</span> <span class='ocrx_word' id='word_1_119' title='bbox 567 830 626 851; x_wconf 87' lang='lat' dir='ltr'>nou</span> <span class='ocrx_word' id='word_1_120' title='bbox 642 822 725 851; x_wconf 86' lang='lat' dir='ltr'>adire</span> <span class='ocrx_word' id='word_1_121' title='bbox 740 821 876 859; x_wconf 88' lang='lat' dir='ltr'>propius,</span> <span class='ocrx_word' id='word_1_122' title='bbox 892 830 952 851; x_wconf 87' lang='lat' dir='ltr'>non</span> <span class='ocrx_word' id='word_1_123' title='bbox 969 821 1103 857; x_wconf 84' lang='lat' dir='ltr'>colloqui</span> 
     </span>
     <span class='ocr_line' id='line_1_18' title="bbox 119 863 1101 900; baseline -0.002 -7"><span class='ocrx_word' id='word_1_124' title='bbox 119 864 280 899; x_wconf 82' lang='lat' dir='ltr'>audebant,</span> <span class='ocrx_word' id='word_1_125' title='bbox 297 868 432 893; x_wconf 86' lang='lat' dir='ltr'>secretas</span> <span class='ocrx_word' id='word_1_126' title='bbox 448 863 648 900; x_wconf 86' lang='lat' dir='ltr'>cogitationes</span> <span class='ocrx_word' id='word_1_127' title='bbox 670 863 746 892; x_wconf 89' lang='lat' dir='ltr'>intra</span> <span class='ocrx_word' id='word_1_128' title='bbox 763 871 796 892; x_wconf 90' lang='lat' dir='ltr'>se</span> <span class='ocrx_word' id='word_1_129' title='bbox 813 871 935 899; x_wconf 90' lang='lat' dir='ltr'>quoque</span> <span class='ocrx_word' id='word_1_130' title='bbox 951 864 1101 897; x_wconf 78' lang='lat' dir='ltr'>volvente,</span> 
     </span>
     <span class='ocr_line' id='line_1_19' title="bbox 118 904 1103 941; baseline -0.002 -7"><span class='ocrx_word' id='word_1_131' title='bbox 118 910 148 935; x_wconf 92' lang='lat' dir='ltr'>et</span> <span class='ocrx_word' id='word_1_132' title='bbox 174 913 212 934; x_wconf 86' lang='lat' dir='ltr'>ex</span> <span class='ocrx_word' id='word_1_133' title='bbox 240 904 467 941; x_wconf 85' lang='lat' dir='ltr'>comparatione</span> <span class='ocrx_word' id='word_1_134' title='bbox 492 904 572 941; x_wconf 87' lang='lat' dir='ltr'>regis</span> <span class='ocrx_word' id='word_1_135' title='bbox 599 904 670 934; x_wconf 78' lang='lat' dir='ltr'>novi</span> <span class='ocrx_word' id='word_1_136' title='bbox 703 904 888 933; x_wconf 88' lang='lat' dir='ltr'>desiderium</span> <span class='ocrx_word' id='word_1_137' title='bbox 913 904 1103 934; x_wconf 83' lang='lat' dir='ltr'>excitabatur</span> 
     </span>
     <span class='ocr_line' id='line_1_20' title="bbox 117 944 1144 982; baseline 0 -7"><span class='ocrx_word' id='word_1_138' title='bbox 117 946 232 975; x_wconf 85' lang='lat' dir='ltr'>amissi.</span> <span class='ocrx_word' id='word_1_139' title='bbox 276 946 333 975; x_wconf 86' lang='lat' dir='ltr'>Ubi</span> <span class='ocrx_word' id='word_1_140' title='bbox 349 946 398 975; x_wconf 88' lang='lat' dir='ltr'>ille</span> <span class='ocrx_word' id='word_1_141' title='bbox 414 950 511 981; x_wconf 86' lang='lat' dir='ltr'>esset,</span> <span class='ocrx_word' id='word_1_142' title='bbox 533 946 619 975; x_wconf 90' lang='lat' dir='ltr'>cuius</span> <span class='ocrx_word' id='word_1_143' title='bbox 635 945 809 982; x_wconf 88' lang='lat' dir='ltr'>imperium,</span> <span class='ocrx_word' id='word_1_144' title='bbox 832 945 918 974; x_wconf 88' lang='lat' dir='ltr'>cuius</span> <span class='ocrx_word' id='word_1_145' title='bbox 934 944 1103 982; x_wconf 84' lang='lat' dir='ltr'>auspicium</span> <span class='ocrx_word' id='word_1_146' title='bbox 1112 951 1144 976; x_wconf 93' lang='lat'>10</span> 
     </span>
     <span class='ocr_line' id='line_1_21' title="bbox 118 986 1102 1023; baseline -0.002 -6"><span class='ocrx_word' id='word_1_147' title='bbox 118 987 214 1017; x_wconf 87' lang='lat' dir='ltr'>secuti</span> <span class='ocrx_word' id='word_1_148' title='bbox 229 992 322 1022; x_wconf 85' lang='lat' dir='ltr'>erant,</span> <span class='ocrx_word' id='word_1_149' title='bbox 337 986 539 1023; x_wconf 84' lang='lat' dir='ltr'>requirebant.</span> <span class='ocrx_word' id='word_1_150' title='bbox 582 986 748 1016; x_wconf 89' lang='lat' dir='ltr'>Destitutos</span> <span class='ocrx_word' id='word_1_151' title='bbox 769 995 804 1016; x_wconf 91' lang='lat' dir='ltr'>se</span> <span class='ocrx_word' id='word_1_152' title='bbox 825 986 902 1016; x_wconf 85' lang='lat' dir='ltr'>inter</span> <span class='ocrx_word' id='word_1_153' title='bbox 916 986 1044 1016; x_wconf 75' lang='lat' dir='ltr'>infestas</span> <span class='ocrx_word' id='word_1_154' title='bbox 1059 986 1102 1016; x_wconf 90' lang='lat' dir='ltr'>in-</span> 
     </span>
     <span class='ocr_line' id='line_1_22' title="bbox 120 1027 1101 1065; baseline 0 -7"><span class='ocrx_word' id='word_1_155' title='bbox 120 1028 311 1065; x_wconf 79' lang='lat' dir='ltr'>domitasque</span> <span class='ocrx_word' id='word_1_156' title='bbox 326 1033 448 1064; x_wconf 89' lang='lat' dir='ltr'>gentes,</span> <span class='ocrx_word' id='word_1_157' title='bbox 473 1028 659 1065; x_wconf 87' lang='lat' dir='ltr'>expetituras</span> <span class='ocrx_word' id='word_1_158' title='bbox 675 1032 718 1058; x_wconf 93' lang='lat' dir='ltr'>tot</span> <span class='ocrx_word' id='word_1_159' title='bbox 739 1037 862 1057; x_wconf 90' lang='lat' dir='ltr'>suarum</span> <span class='ocrx_word' id='word_1_160' title='bbox 878 1027 1007 1057; x_wconf 84' lang='lat' dir='ltr'>cladium</span> <span class='ocrx_word' id='word_1_161' title='bbox 1028 1037 1101 1065; x_wconf 87' lang='lat' dir='ltr'>poe—</span> 
     </span>
     <span class='ocr_line' id='line_1_23' title="bbox 118 1069 1140 1107; baseline 0.002 -8"><span class='ocrx_word' id='word_1_162' title='bbox 118 1079 189 1106; x_wconf 88' lang='lat' dir='ltr'>nas,</span> <span class='ocrx_word' id='word_1_163' title='bbox 212 1070 459 1107; x_wconf 87' lang='lat' dir='ltr'>quandocunque</span> <span class='ocrx_word' id='word_1_164' title='bbox 480 1070 581 1099; x_wconf 80' lang='lat' dir='ltr'>oblata</span> <span class='ocrx_word' id='word_1_165' title='bbox 596 1074 679 1099; x_wconf 87' lang='lat' dir='ltr'>esset</span> <span class='ocrx_word' id='word_1_166' title='bbox 699 1069 832 1099; x_wconf 89' lang='lat' dir='ltr'>occasio.</span> <span class='ocrx_word' id='word_1_167' title='bbox 871 1069 927 1099; x_wconf 90' lang='lat' dir='ltr'>His</span> <span class='ocrx_word' id='word_1_168' title='bbox 949 1070 1102 1106; x_wconf 84' lang='lat' dir='ltr'>cogitatio-</span> <span class='ocrx_word' id='word_1_169' title='bbox 1113 1075 1140 1101; x_wconf 82' lang='lat'>11</span> 
     </span>
     <span class='ocr_line' id='line_1_24' title="bbox 117 1110 1102 1148; baseline 0 -8"><span class='ocrx_word' id='word_1_170' title='bbox 117 1111 207 1141; x_wconf 88' lang='lat' dir='ltr'>nibus</span> <span class='ocrx_word' id='word_1_171' title='bbox 223 1110 340 1140; x_wconf 88' lang='lat' dir='ltr'>animos</span> <span class='ocrx_word' id='word_1_172' title='bbox 357 1111 537 1146; x_wconf 86' lang='lat' dir='ltr'>exedebant,</span> <span class='ocrx_word' id='word_1_173' title='bbox 555 1120 647 1147; x_wconf 87' lang='lat' dir='ltr'>quum</span> <span class='ocrx_word' id='word_1_174' title='bbox 662 1110 870 1148; x_wconf 86' lang='lat' dir='ltr'>annuntiatur,</span> <span class='ocrx_word' id='word_1_175' title='bbox 893 1110 1027 1148; x_wconf 87' lang='lat' dir='ltr'>equites,</span> <span class='ocrx_word' id='word_1_176' title='bbox 1051 1111 1102 1147; x_wconf 91' lang='lat' dir='ltr'>qui</span> 
     </span>
     <span class='ocr_line' id='line_1_25' title="bbox 118 1152 1101 1190; baseline -0.001 -8"><span class='ocrx_word' id='word_1_177' title='bbox 118 1154 174 1182; x_wconf 91' lang='lat' dir='ltr'>sub</span> <span class='ocrx_word' id='word_1_178' title='bbox 187 1152 332 1182; x_wconf 82' lang='lat' dir='ltr'>Perdicca</span> <span class='ocrx_word' id='word_1_179' title='bbox 347 1157 460 1187; x_wconf 87' lang='lat' dir='ltr'>essent,</span> <span class='ocrx_word' id='word_1_180' title='bbox 474 1152 631 1189; x_wconf 87' lang='lat' dir='ltr'>occupatis</span> <span class='ocrx_word' id='word_1_181' title='bbox 645 1153 724 1182; x_wconf 87' lang='lat' dir='ltr'>circa</span> <span class='ocrx_word' id='word_1_182' title='bbox 735 1153 892 1190; x_wconf 75' lang='lat' dir='ltr'>Babylona</span> <span class='ocrx_word' id='word_1_183' title='bbox 904 1153 1029 1189; x_wconf 85' lang='lat' dir='ltr'>campiS‚</span> <span class='ocrx_word' id='word_1_184' title='bbox 1042 1153 1101 1182; x_wconf 85' lang='lat' dir='ltr'>sru-</span> 
     </span>
     <span class='ocr_line' id='line_1_26' title="bbox 116 1194 1142 1231; baseline 0.001 -8"><span class='ocrx_word' id='word_1_185' title='bbox 116 1200 258 1230; x_wconf 88' lang='lat' dir='ltr'>mentum,</span> <span class='ocrx_word' id='word_1_186' title='bbox 276 1195 360 1231; x_wconf 90' lang='lat' dir='ltr'>quod</span> <span class='ocrx_word' id='word_1_187' title='bbox 375 1194 404 1223; x_wconf 90' lang='lat' dir='ltr'>in</span> <span class='ocrx_word' id='word_1_188' title='bbox 420 1194 525 1224; x_wconf 82' lang='lat' dir='ltr'>urbem</span> <span class='ocrx_word' id='word_1_189' title='bbox 541 1194 716 1229; x_wconf 81' lang='lat' dir='ltr'>vehebatur,</span> <span class='ocrx_word' id='word_1_190' title='bbox 732 1194 905 1224; x_wconf 83' lang='lat' dir='ltr'>retinuisse.</span> <span class='ocrx_word' id='word_1_191' title='bbox 943 1195 1047 1231; x_wconf 87' lang='lat' dir='ltr'>Itaque</span> <span class='ocrx_word' id='word_1_192' title='bbox 1059 1194 1100 1223; x_wconf 88' lang='lat' dir='ltr'>in-</span> <span class='ocrx_word' id='word_1_193' title='bbox 1110 1199 1142 1224; x_wconf 82' lang='lat'>12</span> 
     </span>
     <span class='ocr_line' id='line_1_27' title="bbox 117 1235 1101 1272; baseline -0.001 -7"><span class='ocrx_word' id='word_1_194' title='bbox 117 1236 188 1272; x_wconf 81' lang='lat' dir='ltr'>opia</span> <span class='ocrx_word' id='word_1_195' title='bbox 202 1237 346 1272; x_wconf 85' lang='lat' dir='ltr'>primum,</span> <span class='ocrx_word' id='word_1_196' title='bbox 368 1235 478 1265; x_wconf 86' lang='lat' dir='ltr'>deinde</span> <span class='ocrx_word' id='word_1_197' title='bbox 495 1237 590 1265; x_wconf 81' lang='lat' dir='ltr'>fames</span> <span class='ocrx_word' id='word_1_198' title='bbox 606 1244 676 1265; x_wconf 90' lang='lat' dir='ltr'>esse</span> <span class='ocrx_word' id='word_1_199' title='bbox 698 1236 813 1272; x_wconf 82' lang='lat' dir='ltr'>coepit,</span> <span class='ocrx_word' id='word_1_200' title='bbox 835 1240 879 1271; x_wconf 88' lang='lat' dir='ltr'>et,</span> <span class='ocrx_word' id='word_1_201' title='bbox 903 1235 954 1272; x_wconf 93' lang='lat' dir='ltr'>qui</span> <span class='ocrx_word' id='word_1_202' title='bbox 975 1235 1005 1264; x_wconf 92' lang='lat' dir='ltr'>in</span> <span class='ocrx_word' id='word_1_203' title='bbox 1028 1236 1101 1264; x_wconf 90' lang='lat' dir='ltr'>urbe</span> 
     </span>
     <span class='ocr_line' id='line_1_28' title="bbox 114 1276 1101 1314; baseline -0.001 -8"><span class='ocrx_word' id='word_1_204' title='bbox 114 1282 211 1313; x_wconf 71' lang='lat' dir='ltr'>erant,</span> <span class='ocrx_word' id='word_1_205' title='bbox 227 1282 278 1306; x_wconf 88' lang='lat' dir='ltr'>aut</span> <span class='ocrx_word' id='word_1_206' title='bbox 292 1277 547 1306; x_wconf 79' lang='lat' dir='ltr'>reconciliandam</span> <span class='ocrx_word' id='word_1_207' title='bbox 564 1285 631 1307; x_wconf 89' lang='lat' dir='ltr'>cum</span> <span class='ocrx_word' id='word_1_208' title='bbox 645 1277 789 1306; x_wconf 86' lang='lat' dir='ltr'>Perdicca</span> <span class='ocrx_word' id='word_1_209' title='bbox 804 1277 929 1314; x_wconf 81' lang='lat' dir='ltr'>gratiam</span> <span class='ocrx_word' id='word_1_210' title='bbox 945 1280 996 1306; x_wconf 89' lang='lat' dir='ltr'>aut</span> <span class='ocrx_word' id='word_1_211' title='bbox 1010 1276 1101 1306; x_wconf 79' lang='lat' dir='ltr'>armis</span> 
     </span>
     <span class='ocr_line' id='line_1_29' title="bbox 117 1317 1142 1355; baseline 0 -8"><span class='ocrx_word' id='word_1_212' title='bbox 117 1319 292 1348; x_wconf 87' lang='lat' dir='ltr'>certandum</span> <span class='ocrx_word' id='word_1_213' title='bbox 314 1327 385 1348; x_wconf 88' lang='lat' dir='ltr'>esse</span> <span class='ocrx_word' id='word_1_214' title='bbox 401 1319 575 1348; x_wconf 86' lang='lat' dir='ltr'>censebant.</span> <span class='ocrx_word' id='word_1_215' title='bbox 618 1319 707 1348; x_wconf 86' lang='lat' dir='ltr'>Forte</span> <span class='ocrx_word' id='word_1_216' title='bbox 726 1318 766 1347; x_wconf 85' lang='lat' dir='ltr'>ita</span> <span class='ocrx_word' id='word_1_217' title='bbox 787 1318 955 1355; x_wconf 83' lang='lat' dir='ltr'>acciderat,</span> <span class='ocrx_word' id='word_1_218' title='bbox 977 1322 1023 1353; x_wconf 86' lang='lat' dir='ltr'>ut,</span> <span class='ocrx_word' id='word_1_219' title='bbox 1051 1317 1102 1355; x_wconf 90' lang='lat' dir='ltr'>qui</span> <span class='ocrx_word' id='word_1_220' title='bbox 1113 1323 1142 1348; x_wconf 73' lang='lat'>13</span> 
     </span>
     <span class='ocr_line' id='line_1_30' title="bbox 116 1359 1100 1397; baseline 0 -9"><span class='ocrx_word' id='word_1_221' title='bbox 116 1360 144 1388; x_wconf 93' lang='lat' dir='ltr'>in</span> <span class='ocrx_word' id='word_1_222' title='bbox 166 1359 247 1396; x_wconf 85' lang='lat' dir='ltr'>agris</span> <span class='ocrx_word' id='word_1_223' title='bbox 270 1365 370 1395; x_wconf 81' lang='lat' dir='ltr'>erant,</span> <span class='ocrx_word' id='word_1_224' title='bbox 393 1360 621 1397; x_wconf 85' lang='lat' dir='ltr'>populationem</span> <span class='ocrx_word' id='word_1_225' title='bbox 642 1360 780 1389; x_wconf 81' lang='lat' dir='ltr'>villarum</span> <span class='ocrx_word' id='word_1_226' title='bbox 803 1360 1000 1396; x_wconf 85' lang='lat' dir='ltr'>vicorumque</span> <span class='ocrx_word' id='word_1_227' title='bbox 1016 1359 1100 1389; x_wconf 79' lang='lat' dir='ltr'>veriti</span> 
     </span>
     <span class='ocr_line' id='line_1_31' title="bbox 115 1401 1100 1438; baseline 0 -8"><span class='ocrx_word' id='word_1_228' title='bbox 115 1401 314 1438; x_wconf 80' lang='lat' dir='ltr'>confugerent</span> <span class='ocrx_word' id='word_1_229' title='bbox 327 1401 357 1430; x_wconf 94' lang='lat' dir='ltr'>in</span> <span class='ocrx_word' id='word_1_230' title='bbox 372 1401 486 1437; x_wconf 89' lang='lat' dir='ltr'>urbem,</span> <span class='ocrx_word' id='word_1_231' title='bbox 506 1401 667 1438; x_wconf 87' lang='lat' dir='ltr'>oppidani,</span> <span class='ocrx_word' id='word_1_232' title='bbox 685 1410 777 1438; x_wconf 88' lang='lat' dir='ltr'>quum</span> <span class='ocrx_word' id='word_1_233' title='bbox 792 1401 878 1438; x_wconf 90' lang='lat' dir='ltr'>ipsos</span> <span class='ocrx_word' id='word_1_234' title='bbox 893 1401 1034 1431; x_wconf 82' lang='lat' dir='ltr'>alimenta</span> <span class='ocrx_word' id='word_1_235' title='bbox 1048 1401 1100 1430; x_wconf 92' lang='lat' dir='ltr'>de—</span> 
     </span>
     <span class='ocr_line' id='line_1_32' title="bbox 116 1441 1101 1481; baseline 0 -10"><span class='ocrx_word' id='word_1_236' title='bbox 116 1442 251 1478; x_wconf 84' lang='lat' dir='ltr'>ficerent,</span> <span class='ocrx_word' id='word_1_237' title='bbox 266 1443 341 1472; x_wconf 90' lang='lat' dir='ltr'>urbe</span> <span class='ocrx_word' id='word_1_238' title='bbox 357 1443 564 1481; x_wconf 87' lang='lat' dir='ltr'>[excederent]</span> <span class='ocrx_word' id='word_1_239' title='bbox 574 1466 581 1478; x_wconf 83' lang='lat'>,</span> <span class='ocrx_word' id='word_1_240' title='bbox 597 1448 626 1472; x_wconf 88' lang='lat' dir='ltr'>ct</span> <span class='ocrx_word' id='word_1_241' title='bbox 640 1443 761 1480; x_wconf 83' lang='lat' dir='ltr'>utrique</span> <span class='ocrx_word' id='word_1_242' title='bbox 779 1443 882 1480; x_wconf 83' lang='lat' dir='ltr'>generi</span> <span class='ocrx_word' id='word_1_243' title='bbox 899 1442 989 1472; x_wconf 91' lang='lat' dir='ltr'>tutior</span> <span class='ocrx_word' id='word_1_244' title='bbox 1003 1441 1101 1472; x_wconf 89' lang='lat' dir='ltr'>aliena</span> 
     </span>
     <span class='ocr_line' id='line_1_33' title="bbox 116 1484 562 1520; baseline 0 -8"><span class='ocrx_word' id='word_1_245' title='bbox 116 1484 207 1513; x_wconf 90' lang='lat' dir='ltr'>sedes</span> <span class='ocrx_word' id='word_1_246' title='bbox 224 1493 314 1520; x_wconf 86' lang='lat' dir='ltr'>quam</span> <span class='ocrx_word' id='word_1_247' title='bbox 331 1493 387 1514; x_wconf 91' lang='lat' dir='ltr'>sua</span> <span class='ocrx_word' id='word_1_248' title='bbox 401 1484 562 1514; x_wconf 87' lang='lat' dir='ltr'>videretur.</span> 
     </span>
    </p>

    <p class='ocr_par' dir='ltr' id='par_1_4' title="bbox 113 1524 1140 1769">
     <span class='ocr_line' id='line_1_34' title="bbox 194 1524 1140 1561; baseline 0 -7"><span class='ocrx_word' id='word_1_249' title='bbox 194 1524 261 1561; x_wconf 78' lang='lat'>(27)</span> <span class='ocrx_word' id='word_1_250' title='bbox 289 1526 422 1561; x_wconf 83' lang='lat' dir='ltr'>Quorum</span> <span class='ocrx_word' id='word_1_251' title='bbox 449 1526 723 1555; x_wconf 87' lang='lat' dir='ltr'>consternationem</span> <span class='ocrx_word' id='word_1_252' title='bbox 750 1526 933 1556; x_wconf 65' lang='lat' dir='ltr'>Maceddnes</span> <span class='ocrx_word' id='word_1_253' title='bbox 960 1524 1045 1555; x_wconf 82' lang='lat' dir='ltr'>veriti</span> <span class='ocrx_word' id='word_1_254' title='bbox 1070 1524 1099 1554; x_wconf 90' lang='lat' dir='ltr'>in</span> <span class='ocrx_word' id='word_1_255' title='bbox 1110 1529 1140 1554; x_wconf 79' lang='lat'>14</span> 
     </span>
     <span class='ocr_line' id='line_1_35' title="bbox 115 1566 1097 1604; baseline 0.002 -11"><span class='ocrx_word' id='word_1_256' title='bbox 115 1566 228 1602; x_wconf 88' lang='lat' dir='ltr'>regiam</span> <span class='ocrx_word' id='word_1_257' title='bbox 245 1569 355 1596; x_wconf 77' lang='lat' dir='ltr'>coeunt</span> <span class='ocrx_word' id='word_1_258' title='bbox 371 1575 513 1604; x_wconf 88' lang='lat' dir='ltr'>quaeque</span> <span class='ocrx_word' id='word_1_259' title='bbox 523 1567 661 1604; x_wconf 89' lang='lat' dir='ltr'>ipsorum</span> <span class='ocrx_word' id='word_1_260' title='bbox 673 1567 822 1597; x_wconf 84' lang='lat' dir='ltr'>sententia</span> <span class='ocrx_word' id='word_1_261' title='bbox 835 1571 918 1597; x_wconf 88' lang='lat' dir='ltr'>esset</span> <span class='ocrx_word' id='word_1_262' title='bbox 932 1570 1097 1604; x_wconf 88' lang='lat' dir='ltr'>exponunt.</span> 
     </span>
     <span class='ocr_line' id='line_1_36' title="bbox 113 1606 1097 1645; baseline 0.002 -10"><span class='ocrx_word' id='word_1_263' title='bbox 113 1606 255 1637; x_wconf 83' lang='lat' dir='ltr'>Placebat</span> <span class='ocrx_word' id='word_1_264' title='bbox 276 1613 390 1645; x_wconf 84' lang='lat' dir='ltr'>autem,</span> <span class='ocrx_word' id='word_1_265' title='bbox 413 1610 531 1645; x_wconf 81' lang='lat' dir='ltr'>legatos</span> <span class='ocrx_word' id='word_1_266' title='bbox 552 1609 591 1638; x_wconf 86' lang='lat' dir='ltr'>ad</span> <span class='ocrx_word' id='word_1_267' title='bbox 607 1608 725 1645; x_wconf 88' lang='lat' dir='ltr'>equites</span> <span class='ocrx_word' id='word_1_268' title='bbox 741 1608 815 1638; x_wconf 87' lang='lat' dir='ltr'>mitti</span> <span class='ocrx_word' id='word_1_269' title='bbox 837 1609 875 1638; x_wconf 90' lang='lat' dir='ltr'>de</span> <span class='ocrx_word' id='word_1_270' title='bbox 890 1608 1021 1638; x_wconf 85' lang='lat' dir='ltr'>finienda</span> <span class='ocrx_word' id='word_1_271' title='bbox 1036 1607 1097 1637; x_wconf 91' lang='lat' dir='ltr'>dis-</span> 
     </span>
     <span class='ocr_line' id='line_1_37' title="bbox 115 1648 1137 1687; baseline 0.002 -11"><span class='ocrx_word' id='word_1_272' title='bbox 115 1648 219 1677; x_wconf 89' lang='lat' dir='ltr'>cordia</span> <span class='ocrx_word' id='word_1_273' title='bbox 240 1649 394 1687; x_wconf 86' lang='lat' dir='ltr'>armisque</span> <span class='ocrx_word' id='word_1_274' title='bbox 416 1650 576 1687; x_wconf 88' lang='lat' dir='ltr'>ponendis.</span> <span class='ocrx_word' id='word_1_275' title='bbox 625 1650 718 1686; x_wconf 86' lang='lat' dir='ltr'>Igitur</span> <span class='ocrx_word' id='word_1_276' title='bbox 738 1659 756 1679; x_wconf 89' lang='lat' dir='ltr'>a</span> <span class='ocrx_word' id='word_1_277' title='bbox 777 1658 849 1687; x_wconf 86' lang='lat' dir='ltr'>rege</span> <span class='ocrx_word' id='word_1_278' title='bbox 870 1651 986 1687; x_wconf 87' lang='lat' dir='ltr'>legatur</span> <span class='ocrx_word' id='word_1_279' title='bbox 1006 1649 1137 1678; x_wconf 79' lang='lat' dir='ltr'>Pasas15</span> 
     </span>
     <span class='ocr_line' id='line_1_38' title="bbox 113 1689 1097 1729; baseline 0.002 -12"><span class='ocrx_word' id='word_1_280' title='bbox 113 1689 278 1719; x_wconf 67' lang='lat' dir='ltr'>Thessalus</span> <span class='ocrx_word' id='word_1_281' title='bbox 300 1695 329 1720; x_wconf 92' lang='lat' dir='ltr'>et</span> <span class='ocrx_word' id='word_1_282' title='bbox 349 1691 491 1721; x_wconf 85' lang='lat' dir='ltr'>Amissus</span> <span class='ocrx_word' id='word_1_283' title='bbox 511 1691 784 1729; x_wconf 70' lang='lat' dir='ltr'>Megalepolitanus</span> <span class='ocrx_word' id='word_1_284' title='bbox 811 1696 840 1721; x_wconf 88' lang='lat' dir='ltr'>et</span> <span class='ocrx_word' id='word_1_285' title='bbox 863 1691 1013 1720; x_wconf 67' lang='lat' dir='ltr'>Perilaus:</span> <span class='ocrx_word' id='word_1_286' title='bbox 1036 1689 1097 1727; x_wconf 78' lang='lat' dir='ltr'>qui,</span> 
     </span>
     <span class='ocr_line' id='line_1_39' title="bbox 117 1732 1097 1769; baseline 0.001 -10"><span class='ocrx_word' id='word_1_287' title='bbox 117 1738 208 1766; x_wconf 86' lang='lat' dir='ltr'>quum</span> <span class='ocrx_word' id='word_1_288' title='bbox 224 1732 364 1761; x_wconf 83' lang='lat' dir='ltr'>mandata</span> <span class='ocrx_word' id='word_1_289' title='bbox 379 1733 460 1769; x_wconf 83' lang='lat' dir='ltr'>regis</span> <span class='ocrx_word' id='word_1_290' title='bbox 477 1733 655 1769; x_wconf 85' lang='lat' dir='ltr'>edidissent,</span> <span class='ocrx_word' id='word_1_291' title='bbox 671 1741 730 1762; x_wconf 90' lang='lat' dir='ltr'>non</span> <span class='ocrx_word' id='word_1_292' title='bbox 744 1732 829 1762; x_wconf 86' lang='lat' dir='ltr'>aliter</span> <span class='ocrx_word' id='word_1_293' title='bbox 842 1732 998 1769; x_wconf 88' lang='lat' dir='ltr'>posituros</span> <span class='ocrx_word' id='word_1_294' title='bbox 1014 1740 1097 1761; x_wconf 86' lang='lat' dir='ltr'>arma</span> 
     </span>
    </p>
   </div>
   <div class='ocr_carea' id='block_1_3' title="bbox 1146 0 1211 1905">
    <p class='ocr_par' dir='ltr' id='par_1_5' title="bbox 1146 0 1211 1905">
     <span class='ocr_line' id='line_1_40' title="bbox 1146 0 1211 1905; baseline 0 0"><span class='ocrx_word' id='word_1_295' title='bbox 1146 0 1211 1905; x_wconf 95' lang='lat' dir='ltr'> </span> 
     </span>
    </p>
   </div>
  </div>
 </body>
</html>
