1215 1905
164 82 236 112 LlB.
252 83 287 112 X.
312 82 394 111 CAP.
409 82 459 118 Ill,
478 81 630 112 l—CAP.
646 81 697 118 IV,
711 85 737 112 3.
760 92 800 119 [x‚
818 92 899 114 ii-n.
921 91 961 118 z.]
1018 79 1081 111 253

89 159 179 194 beros,
195 162 227 187 ut
240 158 295 188 hoc
308 165 394 188 sacro
406 157 529 193 foedere
550 165 633 186 omne
654 157 812 187 discrimen
832 157 902 186 victi
918 160 947 186 et
967 157 1083 185 victoris

49 205 80 232 13
86 200 284 230 excluderem.
327 199 457 228 Proinde
470 200 582 235 yenitos
595 207 657 228 esse
671 206 721 228 vos
734 198 813 234 mihi,
829 206 887 228 non
901 199 1007 228 ascitos
1021 199 1063 226 mi

88 243 153 271 lites
167 241 287 271 credite.
331 241 419 270 Asiae
433 245 461 270 et
479 240 621 278 Europae
636 248 726 269 unum
752 243 840 277 atque
860 241 936 270 idem
958 247 1082 276 reynum

87 287 138 313 est.
180 283 377 313 Macedssnum
404 283 480 312 vobis
501 291 587 311 arma
614 282 660 311 do.
702 281 871 311 Inveteravi
889 283 1082 318 pereqrinam

48 329 80 356 14
87 326 256 359 novitatem,
279 328 307 353 et
322 325 398 354 cives
412 325 470 353 mei
481 325 549 353 estis
563 327 592 352 et
603 325 716 353 milites.
762 323 866 353 Omnia
880 324 1005 353 eundem
1022 323 1082 352 du-

88 369 158 396 cunt
177 367 303 395 colorem
312 376 321 394 :
348 374 403 395 nec
427 366 526 395 Persis
546 365 743 395 Macedb‘num
768 373 877 395 morem
902 365 1083 394 adumbrare

89 409 143 438 nec
158 407 369 437 Macedonibus
382 407 492 436 Persas
507 408 620 436 imitari
633 407 812 436 indecorum.
855 407 995 436 Eiusdem
1011 407 1084 435 iuris

89 458 151 479 esse
166 448 276 484 debent,
292 450 344 485 qui
356 449 409 478 sub
423 449 523 478 eodem
538 457 608 484 reye
622 450 728 478 victuri
739 453 814 478 sunt.
830 448 845 467 *
860 448 875 467 *
889 448 905 467 *

393 523 747 562 [Supplementum.]

50 589 82 614 15
160 583 221 616 [Hae
242 584 352 608 oratione
376 583 478 612 habita,
505 583 587 607 Persis
611 583 723 615 corporis
745 583 784 606 sui
809 583 950 608 custodiam
970 583 1083 611 credidit,

92 620 179 643 Persas
198 617 334 647 satellites,
360 619 450 642 Persas
471 618 627 649 apparitores
653 618 720 641 fecit.
754 618 801 641 Per
826 625 889 648 quos
908 625 985 648 quum
1003 617 1084 641 Mace-

93 653 186 682 dones,
205 652 248 683 qui
267 652 324 676 huie
341 652 459 677 seditioni
479 652 635 676 occasionem
654 652 795 681 dedissent,
813 651 889 675 vineti
909 651 941 675 ad
960 651 1085 683 supplicia

93 686 258 714 traherentur.
275 694 353 710 unum
374 694 405 710 ex
422 687 453 710 iia
471 686 619 710 auctoritate
638 690 662 710 et
680 690 760 710 aetate
780 692 882 717 gravem
902 686 935 710 ad
953 693 1037 718 regem
1050 687 1085 709 ita

92 722 201 746 locutum
221 720 326 752 serunt]

487 795 580 825 CAP.
604 796 654 824 IV.

60 868 74 893 1
174 861 243 899 (13)
266 862 432 898 Quousque,
454 860 567 898 inquit,
583 863 681 891 animo
695 866 743 892 tuo
758 864 845 892 etiam
854 871 915 900 per
928 863 1085 899 supplicia,

91 908 119 935 et
132 904 249 942 quidem
263 904 382 933 externi
392 904 495 939 mons,
517 902 704 940 obsequeris?
746 904 856 934 Milites
872 905 927 940 tui,
943 905 1020 933 cives
1035 905 1084 939 tui,

93 947 242 983 incoonita
255 953 356 980 causa,
372 946 495 982 captivis
508 946 569 974 suis
584 946 767 981 ducentibus,
783 946 943 976 trahuntur
957 946 1000 975 ad
1010 953 1085 982 poe-

90 996 168 1018 nam.
220 987 256 1017 Si
267 990 388 1017 mortem
403 988 544 1016 meruisse
570 988 700 1022 iudicas,
725 989 828 1017 saltem
847 989 994 1017 ministros
1010 996 1085 1024 sup-

62 1035 78 1060 ‘..’
87 1031 175 1067 plicii
184 1033 274 1059 muta.
318 1029 426 1058 Amico
442 1028 557 1063 animo,
575 1028 602 1058 si
618 1028 680 1057 veri
696 1029 817 1066 patiens
836 1029 959 1065 suisset,
980 1029 1079 1058 admo·

94 1071 236 1106 uebatur,
260 1070 317 1100 sed
331 1070 361 1099 in
376 1069 492 1099 rabiem
508 1069 551 1099 ira
566 1075 758 1107 pervenerat.
801 1071 908 1108 Itaque
922 1079 1030 1100 rursus
1047 1087 1083 1092 —

93 1120 161 1142 nam
177 1119 356 1150 parumper,
383 1111 494 1149 quibus
516 1111 696 1149 imperatum
718 1117 796 1149 erat,
819 1112 1031 1143 dubitaverant
1048 1129 1083 1134 —-

62 1159 79 1185 3
91 1153 186 1191 mergi
201 1154 231 1183 in
247 1161 374 1189 amnem,
396 1153 475 1184 sicut
488 1153 582 1184 vineti
597 1159 691 1189 erant,
707 1154 805 1185 iussit.
828 1155 871 1184 Ne
887 1155 946 1185 hoc
962 1153 1085 1192 quidem

93 1195 278 1233 supplicium
294 1195 476 1226 seditionem
491 1196 617 1226 militum
633 1196 736 1227 movit.
775 1197 912 1234 Namque
928 1197 1085 1234 copiarum

92 1239 189 1267 duces
204 1242 296 1275 atque
312 1237 429 1268 amieos
445 1237 513 1268 eius
527 1238 674 1276 manipuli
689 1239 812 1274 adeunt,
830 1243 978 1276 petentes,
1001 1243 1042 1275 ut,
1059 1238 1085 1268 si

93 1288 172 1316 quos
188 1280 289 1310 adhuc
304 1279 432 1316 pristina
447 1288 530 1310 noxa
543 1279 692 1310 iudicaret
703 1289 775 1311 esse
787 1285 956 1317 contactos,
968 1280 1086 1311 iuberet

91 1321 236 1351 interfici:
254 1321 364 1352 offerre
380 1330 415 1351 se
433 1329 563 1359 corpora
578 1322 656 1353 irae:
672 1322 845 1353 trucidaret.
862 1322 876 1341 *
892 1322 906 1340 *
923 1324 937 1340 *

250 1404 583 1444 [Supplementum
604 1392 886 1444 Freinshemii.]

163 1466 288 1498 [Tandem
307 1473 369 1498 prae
385 1466 471 1490 dolore
488 1467 531 1491 vix
551 1467 642 1491 mentis
660 1471 788 1498 compotes
805 1467 916 1491 universi
936 1471 1085 1492 concurrunt

92 1501 124 1525 ad
144 1501 240 1532 regiam
257 1501 384 1531 armisque
404 1504 460 1525 ante
479 1500 546 1525 fores
564 1501 696 1533 proiectis,
716 1502 819 1526 tunicati
837 1506 957 1532 astantes,
975 1502 1043 1526 nuda
1062 1506 1086 1526 et

93 1536 203 1559 obnoxia
219 1536 309 1566 poenis
328 1542 434 1566 corpora
452 1535 550 1559 admitti
566 1535 654 1560 flentes
672 1536 786 1560 orabant.
824 1535 879 1559 Non
897 1543 925 1560 se
944 1536 1084 1567 deprecari,

93 1570 152 1600 quin
176 1569 308 1601 suppliciis
333 1570 442 1593 sontium
467 1570 640 1601 expiarentur,
664 1577 728 1600 quae
751 1577 796 1602 per
820 1572 1002 1594 contumaciam
1023 1571 1084 1594 deli-

92 1604 214 1634 quissent.
249 1603 326 1635 Regis
345 1603 501 1628 iracundiam
524 1604 572 1628 sibi
592 1607 671 1628 morte
692 1604 828 1628 tristiorem
851 1612 916 1631 esse.
953 1605 1085 1636 Quumque

93 1638 148 1662 dies
168 1643 304 1669 noctesque
321 1643 378 1662 ante
398 1639 493 1670 regiam
511 1639 676 1670 persistentes
695 1639 832 1663 miserabili
855 1639 964 1663 clamore
987 1639 1084 1663 habitu-

93 1680 143 1702 que
161 1672 342 1704 poenitentiam
361 1679 434 1696 suam
453 1673 635 1704 approbarent,
661 1673 765 1697 biiuum
789 1678 871 1697 tamen
895 1674 1016 1698 adversus
1039 1673 1085 1697 hu-

92 1705 212 1731 millimas
230 1713 334 1731 suorum
353 1714 440 1738 preces
464 1707 591 1731 iracundia
610 1707 677 1739 regis
697 1707 803 1732 duravit.
841 1708 926 1732 Tertio
945 1708 985 1732 die
1003 1709 1084 1732 victus
