1215 1895
206 78 277 107 ΜΒ.
292 77 331 106 V.
349 75 430 105 CAP.
447 75 497 112 111,
515 72 686 105 17—CAP.
702 73 754 110 lv,
771 77 813 104 14.
831 83 964 109 [vste-1⁴.
981 82 1020 109 z.]
1091 70 1137 102 87

137 153 242 188 ealles,
257 151 311 181 vix
327 149 456 188 singulis
472 149 613 187 pervios:
631 148 734 178 omnia
747 147 869 185 contegi
886 147 1046 178 frondibus
1078 147 1133 176 im-

108 201 126 227 5
136 196 310 234 plexosque
325 193 467 222 arborum
479 198 580 221 ramos
594 190 690 220 silvas
703 190 900 220 committere.
916 190 1054 227 Namque
1063 189 1131 218 Per-

138 237 182 268 sis
195 236 232 266 ab
244 236 338 265 altero
352 236 446 264 latere
459 232 616 270 perpetuis
625 232 772 262 montium
781 232 860 269 iugis
870 231 1034 261 clauditur:
1049 231 1132 269 quod

137 279 167 308 in
181 277 399 315 longitudinem
406 275 496 310 MDC,
513 274 542 303 in
556 274 744 304 latitudinem
753 274 854 303 CLXX
861 274 960 303 stadia
971 273 1131 310 procurrit.

138 321 205 350 Hoc
221 321 347 349 dorsum
362 327 380 347 a
395 316 533 347 Caucaso
550 321 652 346 monte
674 317 714 346 ad
735 316 859 346 rubrum
882 324 965 346 mare
987 315 1132 352 pertinet:

139 369 261 400 quaque
274 359 386 390 defecit
397 367 494 394 mons,
511 358 593 388 aliud
607 359 834 394 munimentum,
848 358 965 392 fretum,
980 357 1133 387 obiectum

114 408 196 436 fiest.
217 402 359 432 Planities
376 401 487 431 deinde
504 401 561 430 sub
577 400 733 430 radicibus
749 400 896 430 montium
908 399 1047 437 spatiosa
1062 407 1132 436 pro-

140 445 268 481 cumbit,
295 443 400 474 fertilis
421 447 501 473 terra
523 443 688 480 multisque
713 441 789 472 vicis
811 446 903 479 atque
924 441 1051 472 urbibus
1076 442 1132 470 sre-

109 492 125 520 7
140 495 248 525 quens.
291 487 410 515 Araxes
432 484 530 514 amnis
551 493 606 522 per
627 485 685 514 hos
708 492 835 521 campos
857 484 1019 513 multorum
1034 491 1134 520 aquas

138 528 316 560 torrentium
328 527 442 558 evolvit
454 528 483 557 in
498 527 636 556 Medum:
653 527 762 556 Medus
774 527 813 555 ad
826 534 908 555 mare
921 526 961 555 ad
975 524 1134 555 meridiem

140 579 250 601 versus
277 587 316 592 —
342 569 440 599 minor
461 569 558 598 amnis
581 577 634 603 eo,
659 576 750 605 quem
772 568 892 605 aceepit
917 585 959 590 —
985 567 1128 602 evehitur,

139 613 374 651 gignendaeque
390 611 502 641 herbae
518 619 579 640 non
595 611 673 640 alius
689 615 737 640 est
749 610 857 648 aptior,
876 609 1024 647 quicquid
1039 609 1134 645 alluit,

111 654 269 685 Sssoribus
285 654 430 684 vestiens.
471 652 587 683 Platani
604 661 729 690 quoque
745 657 775 682 et
790 652 897 690 populi
914 656 1081 688 contegunt
1095 651 1133 679 ri-

140 705 213 734 pas,
236 696 277 726 ita
292 700 325 726 ut
339 696 446 734 procul
463 695 632 725 visentibus
652 694 829 724 continuata
848 694 1012 724 videantur
1025 693 1133 723 monti-

138 739 197 768 bus
213 746 339 768 nemora
350 737 494 775 riparum.
518 737 636 774 Quippe
654 737 851 766 obumbratus
864 735 962 765 amnis
976 743 1086 772 presso
1102 734 1132 764 in

140 780 239 810 solum
261 781 348 809 alveo
370 779 526 815 dilabitur,
553 778 771 815 imminentque
793 779 904 812 colles,
930 777 991 814 ipsi
1007 784 1133 814 quoque

109 821 299 853 9l'rondibus
321 821 407 856 laeti,
431 821 550 850 radices
573 829 679 850 eorum
694 821 821 849 humore
838 820 998 849 subeunte.
1034 819 1132 856 RegIO

139 863 199 894 no'n
225 863 285 893 alia
306 867 369 893 tota
390 862 465 892 Asia
492 862 644 892 salubrior
668 862 811 892 habetur:
836 865 986 898 temperat
1011 861 1132 890 coelum

138 905 208 935 hinc
220 910 403 942 perpetuum
419 904 522 941 iugum
538 911 669 941 opacum
682 908 712 934 et
727 904 914 939 umbrosum,
931 903 1016 940 quod
1027 907 1132 934 aestut

139 948 233 983 levat,
255 946 336 976 illinc
352 955 434 976 mare
451 947 642 982 adiunctum,
666 947 750 983 quod
772 945 893 975 modico
911 949 1018 982 tepore
1035 949 1131 974 terras

140 989 231 1019 fovet.

100 1036 130 1061 ιο
219 1029 287 1065 (14)
307 1030 361 1059 His
383 1029 523 1067 captivus
545 1029 696 1066 expositis
718 1029 922 1066 interrogatus
935 1037 954 1058 a
967 1035 1056 1065 rege,
1080 1036 1132 1057 au-

140 1072 243 1102 ditune
257 1081 293 1101 an
308 1071 405 1101 oculis
417 1076 575 1109 comperta
590 1071 725 1107 haberet,
742 1078 821 1108 quae
836 1071 961 1106 diceret,
977 1074 1134 1107 pastorem

140 1122 174 1144 se
197 1114 293 1143 luisse
314 1118 343 1143 et
365 1121 471 1143 omnes
496 1121 550 1142 eas
567 1114 660 1142 ealles
676 1112 868 1150 percurrisse
884 1111 1061 1149 respondit:
1085 1111 1132 1141 bis

99 1161 128 1187 11
139 1160 276 1193 captum,
299 1156 393 1185 semel
410 1163 427 1184 a
442 1155 543 1185 Persis
559 1155 588 1184 in
604 1154 714 1192 Lycia,
736 1155 845 1184 iterum
866 1155 903 1183 ab
919 1154 999 1191 ipso.
1044 1153 1132 1183 Subit

139 1197 272 1227 animum
288 1196 369 1234 regis
381 1196 527 1226 memoria
543 1197 668 1226 oraculo
685 1196 785 1226 editae
801 1195 909 1226 sortis:
928 1196 1044 1233 quippe
1060 1203 1132 1225 eon<

140 1239 251 1269 sulenti
267 1247 450 1276 responsum
466 1243 545 1274 erat,
572 1239 682 1268 ducem
704 1238 733 1267 in
749 1238 906 1268 Persidem
922 1237 1048 1267 serentis
1063 1236 1133 1267 viae

98 1281 265 1321 12Lycium
281 1281 380 1310 civem
396 1282 471 1310 sore.
503 1281 597 1317 Igitur
613 1280 791 1317 promissis,
809 1284 922 1317 quanta
938 1284 968 1310 el
983 1287 1132 1317 praesens

140 1323 310 1353 necessitas
327 1322 469 1359 exigebat
484 1327 513 1352 et
529 1322 628 1359 ipsius
650 1323 772 1352 fortuna
793 1322 951 1359 capiebat,
974 1326 1133 1352 oneratum

139 1364 247 1394 armari
273 1364 356 1394 iubet
380 1364 582 1394 Macedonum
609 1372 693 1394 more
714 1369 758 1400 et,
786 1365 870 1401 quod
891 1365 970 1394 bene
991 1368 1133 1399 verteret,

138 1411 307 1436 monstrare
323 1407 394 1436 iter:
419 1406 559 1443 quamvis
575 1406 704 1436 arduum
726 1410 757 1436 et
778 1414 945 1443 praeceps,
967 1414 1132 1435 evasurum

139 1456 174 1478 se
187 1456 258 1478 esse
273 1456 342 1478 eum
358 1448 475 1484 paucis,
492 1448 550 1477 nisi
567 1448 643 1478 forte
660 1448 813 1483 erederet,
837 1456 898 1485 quo
918 1448 987 1484 ipse
1008 1447 1131 1484 peeoris

139 1497 234 1519 eausa
249 1490 333 1526 isset,
357 1490 565 1519 Alexandrum
584 1498 638 1526 pro
655 1490 753 1527 gloria
769 1494 799 1519 et
814 1494 966 1526 perpetua
981 1489 1072 1519 laude
1087 1488 1131 1518 ire

97 1536 195 1563 lanon
214 1540 317 1568 posse.
340 1531 437 1561 Etiam
453 1536 545 1568 atque
561 1531 650 1561 eliam
666 1533 779 1561 docere
795 1532 951 1569 captivus,
968 1539 1059 1568 quam
1075 1531 1131 1560 dif-

138 1573 218 1604 ficile
234 1573 290 1603 iter
305 1578 405 1610 esset,
422 1574 553 1603 maxime
568 1574 701 1604 armatis.
731 1574 806 1603 Tum
821 1582 891 1609 rex,
907 1574 1070 1607 Praedem,
1087 1572 1132 1602 in-

139 1615 212 1653 quit,
223 1624 268 1645 me
280 1617 390 1654 accipe,
403 1618 546 1646 neminem
559 1616 667 1651 eoru'm,
681 1618 733 1653 qui
742 1620 911 1653 sequuntur,
925 1619 1132 1645 recusaturum

98 1661 130 1688 14
137 1658 194 1693 ire,
213 1666 273 1694 qua
286 1659 384 1688 duces.
407 1658 529 1688 CratEro
545 1658 635 1694 igitur
650 1659 690 1687 ad
711 1658 882 1688 custodiam
897 1662 1068 1688 castrorum
1084 1665 1132 1686 re-

138 1698 209 1730 licto
224 1707 294 1730 eum
314 1700 486 1738 peditibus,
509 1699 577 1737 quis
593 1703 788 1738 assueverat,
811 1708 841 1731 et
857 1699 894 1730 iis
911 1699 1028 1737 copiis,
1052 1706 1132 1737 quas
