1215 1905
102 101 164 132 248
447 100 480 136 Q.
504 99 657 129 CURTII
678 100 787 130 RUFI

102 177 172 214 ipso
195 174 406 212 degeneravit,
431 179 477 210 ut,
505 174 635 205 invictus
657 175 811 212 quondam
826 175 976 205 adversus
990 175 1087 206 libidi-

103 227 172 247 nem
194 216 300 252 animi,
322 215 445 245 arbitrio
468 216 561 245 scorti
581 216 648 246 aliis
669 224 764 253 regna
779 217 878 253 daret,
893 216 960 246 aliis
975 217 1087 247 adime-

103 264 149 289 ret
163 258 264 287 vitam.

187 300 232 335 (6)
253 299 365 329 Iisdem
381 300 443 329 fere
458 298 568 328 diebus
584 299 697 329 litteras
713 308 731 328 a
747 299 848 329 Coeno
865 299 975 337 accipit
989 300 1027 329 de
1042 304 1131 330 re-43

103 343 160 371 bus
181 341 211 370 in
232 341 356 378 Europa
376 345 406 370 et
425 340 500 370 Asia
521 341 631 377 gestis,
654 341 725 370 dum
746 341 813 377 ipse
829 341 943 370 Indiam
959 341 1087 379 subegit.

102 382 251 420 Zopyrio,
284 382 429 412 Thraciae
454 382 664 419 praepositus,
691 391 783 419 quum
808 382 1034 419 expeditionem
1059 383 1130 412 in44

103 425 194 454 Getas
210 425 338 460 faceret,
359 423 589 460 tempestatibus
615 424 821 460 procellisque
843 424 942 454 subito
964 423 1087 460 coortis,

104 474 172 495 cum
196 468 259 495 toto
286 465 422 495 exercitu
447 473 617 502 oppressus
643 470 716 495 erat.
766 466 830 501 Qua
855 466 977 502 cognita
1002 466 1131 495 clade45

103 507 233 537 Seuthes
255 506 408 546 Odrysas,
430 507 595 543 populares
617 515 706 543 suos,
728 507 768 536 ad
790 507 990 537 defectionem
1006 515 1087 536 com-

103 550 229 586 pulerat.
271 548 395 578 Amissa
414 549 635 585 propemodum
650 548 792 584 Thracia,
815 557 852 578 ne
874 548 1000 578 Graecia
1022 548 1087 584 qui0

103 591 172 619 dem
189 589 202 607 *
220 589 234 607 *

300 664 570 701 [FreinshemIi
593 664 931 704 Supplementum.]

103 724 261 756 [tumultibus
274 724 424 748 inconcussa
433 725 533 749 mansit.
565 724 626 749 Nam
646 725 801 754 Alexander,
823 726 909 757 punita
929 729 1086 757 satraparum

101 759 258 790 quorundam
268 757 411 788 insolentia,
421 766 505 789 quarn,
519 759 577 783 dum
588 760 612 783 in
628 764 739 784 extremo
755 760 813 783 orbe
830 760 946 784 Indorum
961 760 1036 783 armis
1049 763 1074 783 at

101 794 202 821 tinctum
216 800 262 824 per
278 799 376 816 summa
386 792 481 816 scelera
494 797 569 823 atque
582 794 678 825 nagida
690 794 715 817 in
728 793 894 825 provinciales
912 797 1087 822 exercuerant,

101 832 240 851 ceterorum
251 830 345 851 metum
357 827 512 850 intenderat:
529 827 571 857 qui
588 828 613 851 iu
622 828 725 858 paribus
734 827 831 851 delictis
841 828 906 851 idem
918 828 1085 851 admissorum

101 862 239 893 praemium
250 864 411 892 expectantes
423 861 448 884 in
463 862 670 885 mercenariorum
687 862 793 885 militum
808 862 881 885 fldem
898 861 1085 893 confugiebant,

102 896 202 920 illorum
212 895 335 923 manibus,
345 896 367 918 si
378 895 411 918 ad
421 895 570 926 supplicium
579 899 748 926 poscerentur,
761 895 866 919 salutem
882 902 953 918 suam
967 895 1084 919 tutaturi:

101 930 268 961 autpecunia‚
284 933 378 959 quanta
396 932 501 960 poterut,
518 934 611 958 coacta,
631 929 717 961 fugam
734 930 837 953 inibant.
875 929 911 952 Ea
929 937 956 952 re
976 929 1085 960 cognita,

102 965 199 988 litterae
209 963 241 988 ad
254 970 340 987 omnes
353 963 428 986 Asiae
440 966 567 993 praetores
577 964 669 987 missae
679 967 744 991 sunt,
755 964 845 993 quibus
855 963 976 994 inspectis
987 971 1000 986 e
1010 963 1086 986 vesti-

101 999 143 1031 gio
159 1005 244 1021 omnes
257 997 404 1029 peregrinos
415 997 517 1027 milites,
534 998 576 1027 qui
592 997 717 1028 stipendia
732 997 777 1021 sub
795 998 857 1028 ipsis
870 997 986 1025 facerent,
1004 997 1085 1021 dimit-

101 1038 151 1056 tere
162 1032 319 1056 iubebantur.
357 1031 415 1054 Erat
431 1031 494 1054 inter
509 1038 552 1054 eos
568 1031 698 1062 Harpalus,
714 1038 788 1061 quem
804 1031 955 1062 Alexander,
972 1031 1039 1061 quod
1054 1031 1086 1054 ob

102 1067 181 1098 ipsius
194 1065 330 1089 amicitiam
346 1065 405 1088 olim
415 1072 429 1088 a
440 1065 555 1096 Philippo
574 1066 667 1089 eiectus
681 1065 761 1089 solum
777 1066 899 1095 vertisset,
916 1066 979 1089 iuter
992 1064 1085 1088 fidissi-

101 1107 156 1124 mos
174 1100 282 1124 habebat
299 1103 322 1122 et
341 1103 397 1130 post
415 1099 512 1123 Mazaei
531 1104 635 1123 mortem
653 1100 762 1131 satrapia
779 1099 931 1131 Babyloniae
950 1099 1086 1123 donaverat

100 1134 324 1164 thesaurorumque
335 1133 462 1157 custodiae
472 1133 632 1165 praefecerat.
653 1134 675 1157 Is
685 1134 769 1165 igitur,
782 1141 859 1164 quum
872 1133 998 1162 fiduciam,
1008 1139 1084 1163 quam

100 1169 125 1192 in
135 1168 333 1199 propensissimis
344 1168 411 1198 regis
422 1168 503 1199 gratia
516 1167 607 1191 habere
622 1171 727 1199 poterat,
748 1168 922 1199 magnitudine
932 1167 1084 1199 flagitiorum

100 1202 308 1233 consumpsisset,
327 1202 436 1232 quinque
450 1201 568 1225 talentum
586 1202 654 1225 milia
670 1210 701 1225 ex
716 1209 778 1233 gaza
794 1202 863 1233 regia
873 1202 938 1234 rapit
951 1201 1085 1225 conducta-

100 1244 148 1267 que
158 1243 203 1260 sex
212 1236 308 1259 milium
318 1236 526 1259 mercenariorum
541 1243 614 1259 manu
632 1236 656 1258 in
667 1236 790 1267 Europam
807 1236 898 1260 evadit.
935 1235 1084 1267 Iampridem

101 1271 166 1294 enim
177 1270 237 1293 luxu
247 1270 428 1293 etlibidinibus
438 1270 463 1293 in
477 1277 597 1301 praeceps
610 1273 702 1293 tractus
720 1270 900 1301 desperataque
916 1270 983 1301 apud
1000 1276 1085 1300 regem

99 1304 172 1328 venia
184 1304 304 1328 adversus
316 1304 379 1327 iram
396 1304 476 1335 ipsius
490 1304 515 1328 iu
530 1304 617 1327 alienis
634 1304 724 1335 opibus
741 1304 880 1327 subsidium
895 1303 1085 1336 circumspicere

99 1342 229 1369 coeperat:
249 1342 273 1361 et
292 1337 465 1366 Athenienses,
485 1345 589 1368 quorum
611 1345 658 1361 non
678 1338 883 1362 contemnendam
903 1339 1042 1368 potentiam
1060 1340 1086 1359 et.

100 1372 169 1403 apud
181 1376 276 1396 ceteros
287 1371 394 1395 Graecos
407 1372 589 1402 auctoritatem,
603 1376 654 1395 tum
665 1371 787 1395 occultum
798 1372 823 1395 in
834 1371 983 1395 Macedonas
1000 1371 1084 1394 odium

99 1410 179 1434 norat,
195 1405 283 1430 sedulo
300 1406 417 1430 coluerat.
456 1407 541 1436 Itaque
558 1414 628 1437 spem
643 1406 697 1430 suis
713 1406 828 1437 faciebat,
847 1405 1020 1433 Athenienses,
1039 1404 1083 1428 ad-

99 1445 174 1464 ventu
190 1448 236 1464 sno
256 1441 356 1471 cognito
376 1441 505 1471 copiisque
523 1445 546 1464 et
563 1440 684 1471 pecuniis,
703 1447 765 1470 quas
783 1440 928 1470 adduceret,
947 1446 1028 1462 coram
1045 1439 1082 1461 in-

98 1475 200 1505 spectis,
210 1475 324 1505 protinus
335 1482 402 1498 arma
415 1474 568 1505 consiliaque
583 1475 721 1498 sociaturos
737 1481 801 1498 esse.
840 1473 901 1497 Nam
919 1473 987 1504 apud
1004 1480 1085 1504 popu-

99 1508 150 1531 lum
165 1508 307 1540 imperitum
324 1513 347 1532 et
362 1508 478 1532 mobilem
493 1516 538 1539 per
553 1508 666 1532 homines
678 1508 807 1539 improbos
823 1512 846 1531 et
861 1507 965 1531 avaritia
983 1506 1084 1531 venales

98 1543 182 1565 omnia
198 1550 225 1566 se
240 1543 385 1566 muneribus
401 1546 591 1566 consecuturum
607 1541 788 1573 existimabat]

542 1610 635 1639 CAP.
658 1609 693 1638 11.

181 1667 227 1703 (7)
253 1667 345 1703 Igitur
359 1667 479 1704 triginta
495 1667 625 1696 navibus
642 1667 767 1696 Sunium
782 1665 984 1696 transmittunt
999 1668 1082 1701 (pro-
1096 1669 1108 1694 1

98 1709 278 1738 montorium
294 1713 341 1738 est
354 1709 473 1738 Atticae
488 1712 614 1744 terrae),
639 1709 717 1738 unde
738 1713 857 1744 portum
878 1706 962 1737 urbis
977 1711 1082 1743 petere

1170 1772 1200 1905 l

1178 1729 1186 1742 ,ι

1176 1635 1197 1773 Ξ
