1215 1905
136 122 200 154 234
479 123 512 158 Q.
536 123 690 152 CURTIl
713 124 820 153 RUFI

137 197 228 235 igitur
242 198 271 227 in
288 197 429 227 convivio
442 198 585 228 Horratas
597 198 725 227 Macedo
742 198 798 228 iam
815 200 995 229 temulentus
1011 209 1122 237 expro-

138 240 226 268 brare
242 239 269 268 ei
286 239 387 276 coepit
402 243 431 268 et
441 240 606 276 postulare,
622 244 661 273 ut,
679 239 704 268 si
717 240 762 268 vir
772 245 862 274 esset,
875 245 999 276 postero
1012 241 1060 270 die
1073 250 1120 271 se-

138 289 207 309 eum
224 281 302 310 ferro
319 281 511 310 decerneret:
524 289 626 317 regem
642 281 763 310 tandem
777 282 823 310 vel
837 282 874 310 de
888 290 943 310 sua
956 282 1120 312 temeritate

137 322 184 350 vel
195 322 232 350 de
244 322 323 350 illius
336 322 457 358 ignavia
470 321 679 351 iudicaturum.
694 322 731 350 Et
742 322 921 359 aDioxippo
930 323 1123 360 contemptim
1133 328 1164 353 18

137 363 294 392 militarem
311 364 452 392 eludente
468 363 611 392 ferociam
626 368 752 399 accepta
767 364 899 393 conditio
916 368 971 393 est.
1005 365 1051 393 Ac
1067 373 1120 401 po-

138 409 219 433 stero
237 405 285 433 die
300 413 369 438 rex,
393 413 484 441 quum
501 404 589 433 etiarn
611 405 711 433 acrius
734 409 885 434 certamen
908 411 1121 442 exposcerent,

137 446 208 482 quia
224 447 376 475 deterrere
393 454 451 475 non
468 450 601 482 poterat,
623 446 773 475 destinata
794 446 905 483 exequi
927 455 1040 483 passus
1062 451 1119 476 est.

136 488 247 523 Ingens
269 487 317 516 hic
334 487 456 516 militum
476 491 659 516 convenerat
680 487 853 516 multitudo:
879 487 956 517 inter
972 497 1050 524 quos
1070 488 1163 525 qui19

137 534 221 557 eraut
250 528 370 562 Graeci,
395 528 548 564 Dioxippo
571 528 740 557 studebant.
780 529 908 558 Macedo
933 528 1012 559 iusta
1037 538 1120 558 arma

136 575 323 607 sumpserat,
338 578 460 598 aereum
476 570 635 606 clypeum,
651 570 782 605 hastam,
800 578 890 606 quam
906 570 1051 600 sarissam
1066 580 1120 600 vo—

136 616 220 647 cant,
248 612 334 640 laeva
357 615 477 646 tenens,
499 612 606 639 dextra
627 611 777 645 lanceam,
806 611 970 648 gladioque
993 612 1120 647 cinctus,

136 654 217 681 velut
232 652 448 689 cumpluribus
465 652 552 681 simul
569 652 774 681 dimicaturus.
802 652 976 689 Dioxippus
993 654 1061 683 oleo
1078 653 1163 683 ni-2o

135 699 203 723 lens
220 698 248 722 et
264 698 427 722 coronatus
444 694 531 721 laeva
546 693 709 729 puniceum
726 693 901 729 amiculum,
925 695 1031 723 dextra
1048 695 1119 724 vali-

132 736 206 764 dum
223 735 435 771 nodosumque
452 734 582 771 stipitem
598 735 798 771 praeferebat.
832 735 875 763 Ea
896 735 964 772 ipsa
985 744 1035 765 res
1058 745 1120 765 om-

136 777 217 805 nium
246 777 363 805 animos
391 776 603 812 expectatione
624 776 842 812 suspenderat:
869 777 984 813 quippe
1005 782 1120 807 armato

135 818 280 854 congredi
296 818 408 846 nudum
425 817 590 851 dementia,
613 825 672 846 non
694 818 844 846 temeritas
860 817 1027 847 videbatur.
1064 819 1158 855 Igi-21

134 865 181 889 tur
194 859 322 888 Macedo
340 859 419 887 haud
436 858 554 893 dubius,
571 858 688 887 eminus
702 859 828 887 interfici
844 867 956 895 posse,
981 861 1116 888 lanceam

133 901 245 929 emisit:
263 899 531 937 quamDioxippus
546 908 637 936 quum
646 900 755 936 exigua
763 900 901 936 corporis
915 901 1118 930 decimatione

132 942 273 976 vitasset,
290 946 450 977 antequam
465 941 514 970 ille
529 941 645 970 hastam
661 942 837 970 transferret
854 941 883 969 in
901 942 1052 976 dextram,
1069 951 1117 971 as-

133 983 214 1012 siluit
236 988 264 1012 et
286 983 386 1019 stipite
408 983 535 1011 mediam
552 991 617 1010 eam
634 982 734 1018 fregit.
766 983 889 1011 Amisso
905 986 1034 1019 utroque
1050 984 1119 1018 telo,
1127 989 1162 1013 22

131 1025 259 1053 Maccdo
290 1024 422 1060 gladium
446 1028 589 1060 coeperat
623 1023 784 1059 stringere:
819 1032 907 1060 quem
935 1029 1116 1060 occupatum

132 1066 305 1102 complexu,
321 1065 453 1101 pedibus
469 1069 593 1101 repente
609 1065 777 1099 subductis,
792 1065 963 1101 Dioxippus
979 1066 1118 1095 arietavit

131 1108 161 1136 in
186 1112 293 1136 terram
310 1111 476 1143 ereptoque
492 1106 592 1142 gladio
609 1107 718 1143 pedem
734 1114 828 1143 super
843 1106 991 1135 cervicem
1007 1106 1117 1136 iacenti

131 1148 283 1185 imposuit,
300 1147 431 1184 stipitem
447 1148 597 1177 intentans
610 1148 803 1184 elisurusque
815 1156 851 1176 eo
865 1147 985 1183 victum,
1002 1149 1031 1176 ni
1047 1157 1116 1184 pro-

131 1190 243 1219 hibitus
259 1194 342 1219 essct
357 1198 374 1218 a
389 1198 471 1225 rege.
494 1189 598 1218 Tristis
615 1190 779 1225 spectaculi
797 1193 924 1218 eventus
940 1198 999 1218 non
1016 1189 1115 1218 Mace·
1126 1194 1159 1220 23

132 1232 264 1260 donibus
280 1231 388 1266 modo,
412 1231 465 1259 sed
489 1231 578 1259 etiam
596 1231 771 1259 Alexandro
788 1230 855 1265 fuit,
879 1230 1025 1265 maxime,
1047 1231 1118 1267 quia

130 1273 249 1301 barbari
266 1272 429 1301 affuerant:
454 1272 570 1308 quippe
592 1273 772 1300 celebratam
787 1272 985 1300 Macedonum
1002 1272 1116 1301 fortitu—

129 1313 230 1342 dinem
253 1314 291 1342 ad
314 1313 475 1342 ludibrium
499 1313 646 1342 recidisse
663 1314 830 1342 verebatur.
860 1313 936 1341 Hinc
957 1313 995 1341 ad
1019 1313 1158 1343 crimi-24

130 1355 281 1384 nationem
303 1355 473 1383 invidorum
497 1355 660 1390 adapertae
683 1359 753 1383 sunt
768 1362 858 1383 aures
874 1354 964 1390 regis.
993 1355 1030 1383 Et
1044 1359 1116 1391 post

131 1405 250 1433 paucos
273 1396 339 1425 dies
364 1397 440 1425 inter
461 1396 567 1432 epulas
590 1404 714 1425 aureum
731 1396 873 1432 poculum
889 1403 927 1424 ex
943 1396 1113 1432 composito

129 1438 317 1473 subducitur,
329 1437 528 1473 ministrique,
542 1436 629 1473 quasi
642 1437 824 1471 amisissent,
839 1438 921 1473 quod
930 1441 1115 1472 amoverant,

129 1488 229 1516 regem
255 1480 375 1508 adeunt.
412 1479 512 1515 Saepe
537 1478 636 1507 minus
663 1483 710 1508 est
735 1478 923 1508 constantiae
944 1478 973 1507 in
994 1479 1115 1514 rubore,
1123 1482 1155 1507 25

130 1529 219 1557 quam
234 1520 263 1549 in
281 1521 379 1556 culpa.
410 1520 584 1549 Coniectum
601 1521 767 1555 oculorum,
786 1520 896 1556 quibus
912 1524 944 1548 ut
961 1521 1006 1548 fur
1021 1519 1113 1549 desti-

128 1563 262 1597 nabatur,
279 1562 448 1598 Dioxippus
466 1563 543 1590 serre
559 1570 619 1591 non
636 1561 748 1598 potuit=
771 1565 800 1590 et
816 1569 909 1598 quum
925 1561 1112 1590 excessisset

125 1603 283 1635 convivio,
301 1603 405 1632 litteris
420 1603 617 1639 conscriptis,
635 1611 714 1639 quae
729 1603 792 1639 regi
807 1603 1013 1636 redderentur,
1031 1602 1111 1630 ferro

125 1685 308 1722 dignationis
322 1694 402 1721 esse,
414 1695 474 1715 non
488 1685 692 1722 poenitentiae
704 1689 820 1720 testem,
833 1685 936 1721 utique
947 1689 1111 1721 postquam

125 1727 202 1756 salso
212 1726 414 1756 insimulatum
423 1736 490 1756 eum
504 1727 625 1756 nimium
638 1726 807 1756 invidorum
815 1725 957 1762 gaudium
970 1726 1111 1755 ostendit.
