1215 1895
317 91 390 120 LlB.
406 91 443 119 V.
467 90 548 119 CAP.
564 90 586 126 1,
599 93 703 120 8—28.
723 99 762 126 [v.
779 99 838 120 1-4.
857 97 895 124 m
1079 85 1120 117 79

129 169 279 207 quadrato
295 167 425 205 agmine,
442 166 525 204 quod
538 165 606 203 ipse
622 165 762 201 ducebat,
779 164 861 194 velut
876 162 906 192 in
919 161 1016 192 aciem
1031 161 1117 198 irent,

129 210 247 248 ingredi
263 218 338 239 suos
354 209 445 238 iubet.
471 208 583 245 Magna
599 215 670 244 pars
686 205 927 244 Babyloniorum
943 203 1119 234 constiterat

129 253 157 282 in
174 251 278 287 muris,
293 251 383 280 avida
399 249 607 286 cognoscendi
620 256 733 278 novum
745 256 863 284 regem:
880 247 984 284 plures
998 245 1119 276 obviam

86 299 121 325 20
129 294 247 331 egressi
263 297 344 323 sunt.
367 293 447 321 luter
463 299 542 329 quos
557 290 778 328 Bagophanes,
800 289 880 318 arcis
903 293 933 318 et
947 288 1051 324 regiae
1065 295 1119 325 pc-

130 335 238 365 cuniae
253 339 374 369 custos,
398 342 436 363 ne
452 333 553 363 studio
568 340 586 361 a
600 332 726 362 Mazaeo
742 331 931 366 vinceretur,
955 334 1050 359 totum
1064 329 1120 358 iter

130 377 258 407 floribus
275 376 460 413 coronisque
476 378 693 408 constraverat,
710 372 863 410 argenteis
879 371 1025 401 altaribus
1038 374 1119 400 utro-

131 427 191 456 que
207 419 299 448 latere
316 416 490 454 dispositis,
515 424 595 453 quae
610 424 672 445 non
687 419 753 444 ture
768 415 876 450 modo,
898 413 955 443 sed
977 412 1118 442 omnibus

87 460 276 491 mucoribus
293 459 511 489 cumulaverat.
534 458 620 487 Dona
633 465 701 486 eum
717 457 925 493 sequebantur
940 463 1050 492 greges
1065 462 1119 491 pe-

131 510 235 532 corum
257 509 483 538 equorumque:
512 500 617 529 leones
644 507 769 536 quoque
791 502 819 527 et
846 497 988 534 pardales
1015 495 1119 526 caveis

89 548 122 574 22
131 543 388 581 praeferebantur.
420 541 501 578 Magi
518 541 629 570 delnde
652 549 708 570 suo
725 548 810 570 more
825 546 946 568 carmen
962 541 1118 572 canentes,

131 589 202 622 post
216 585 274 614 hos
291 583 433 614 Chaldaei
447 583 750 620 Babyloniorumque
767 590 826 611 non
842 585 929 610 vates
944 580 1046 615 modo,
1063 580 1120 609 sed

133 626 223 656 etiam
246 626 378 656 artifices
401 634 469 655 cum
490 625 602 654 fidibus
625 624 672 653 sui
693 623 814 660 generis
838 623 935 652 ibant:
959 621 1066 651 laudes
1089 620 1119 651 hi

132 677 238 706 regum
254 676 364 697 canere
380 667 475 702 soliti,
499 666 641 696 Chaldaei
658 666 792 695 siderum
807 668 908 694 motus
924 668 954 693 et
969 667 1064 692 statas
1075 662 1118 691 vi-

89 716 123 741 23
131 719 184 740 ces
199 714 370 747 temporum
386 709 558 739 ostendere.
594 707 720 744 Equites
737 707 848 736 deinde
862 704 1041 744 Babylonii,
1063 713 1120 734 suo

132 759 343 788 equorumque
359 751 441 780 cultu
457 751 496 779 ad
518 750 666 779 luxuriam
688 748 785 786 magis
808 756 899 785 quam
919 747 958 776 ad
983 745 1120 784 magnifi-

132 793 260 823 centiam
276 797 394 828 exacto,
410 792 504 821 ultimi
519 791 611 821 ibant.
655 792 723 820 Rex
743 789 867 820 armatis
881 789 1010 826 stipatus
1033 787 1120 825 oppi-

131 835 280 864 danorum
296 834 411 864 turbam
428 837 499 870 post
513 833 635 862 ultimos
652 833 772 870 pedites
788 831 832 861 ire
847 830 952 861 iussit:
968 830 1037 867 ipse
1053 837 1119 859 cum

131 884 222 906 curru
236 875 342 906 urbem
355 883 390 905 ac
403 874 514 904 deinde
530 874 644 912 regiam
659 874 789 904 intravit.
811 873 939 902 Postero
953 872 1003 901 dle
1019 871 1118 908 supel-

131 917 260 948 lectilem
275 917 364 947 Darei
379 922 409 947 et
425 926 545 946 omnem
560 916 722 954 pecuniam
737 914 926 952 recognovit.

88 965 123 990 24
211 958 257 996 (4)
281 960 418 989 Ceterum
435 959 532 996 ipsius
547 958 632 988 urbis
647 957 841 995 pulchritudo
858 964 894 986 ae
905 960 1043 986 vetustas
1059 963 1119 984 non

131 1002 212 1038 regis
227 1001 318 1031 modo
329 1024 336 1035 ,
359 1001 415 1030 sed
437 1000 526 1029 etiam
542 1000 674 1029 omnium
691 1001 798 1029 oculos
814 999 843 1028 in
861 1002 956 1028 semet
970 997 1053 1027 haud
1067 997 1120 1026 im-

131 1043 238 1073 merito
254 1042 412 1072 convertit.
436 1042 611 1071 Semiramis
627 1050 694 1071 earn
710 1040 904 1076 condiderat,
919 1048 978 1069 non
989 1062 996 1075 ,
1011 1043 1044 1068 ut
1058 1040 1120 1076 ple-

90 1090 124 1115 ·25
132 1084 220 1121 rique
237 1084 404 1117 credidere,
418 1084 523 1118 Belus,
539 1083 626 1113 cuius
641 1082 726 1118 regia
742 1082 920 1112 ostenditur.
956 1081 1061 1110 Murus
1077 1080 1120 1109 in—

133 1129 266 1156 structus
282 1126 426 1155 laterculo
443 1125 551 1160 coctili,
568 1125 713 1155 bitumine
725 1123 883 1158 interlituS,
899 1122 1032 1161 spatium
1041 1122 1122 1152 XXX

133 1172 163 1197 ct
178 1168 308 1197 duorum
324 1167 436 1205 pedum
452 1166 506 1205 [in]
522 1166 708 1196 latitudinem
724 1165 929 1203 amplectitur:
954 1164 1122 1202 quadrigae

90 1209 209 1240 ‘26inter
224 1218 258 1239 se
275 1214 469 1239 occurrentes
485 1208 551 1237 sine
564 1208 700 1246 periculo
715 1215 885 1238 commeare
897 1206 1047 1236 dicuntur.
1069 1206 1121 1235 Al-

133 1251 229 1281 titudo
245 1250 321 1280 muri
337 1250 359 1279 L
375 1250 544 1279 cubitorum
560 1250 671 1279 eminet
687 1250 803 1287 spatio:
819 1253 917 1279 turres
931 1248 1019 1278 denis
1036 1246 1122 1286 pedi-

133 1293 191 1322 bus
219 1301 307 1330 quam
334 1301 437 1321 murus
464 1292 586 1321 altiores
612 1296 691 1321 sunt.
734 1291 839 1321 Totius
862 1290 965 1328 operis
991 1289 1122 1320 ambitus

134 1334 282 1364 CCCLXV
299 1334 397 1363 stadia
413 1333 638 1371 complectitur:
655 1334 844 1370 singulorum
860 1332 1028 1362 stadiorum
1044 1336 1121 1362 stru-

134 1381 248 1410 cturam
264 1376 392 1413 singulis
405 1376 514 1405 diebus
527 1376 691 1412 perfectam
706 1383 777 1405 esse
792 1374 957 1404 memoriae
969 1374 1123 1412 proditum

134 1423 190 1447 est.
232 1417 382 1448 Aedificia
397 1426 458 1447 non
475 1422 546 1447 sunt
560 1417 682 1447 admota
696 1417 806 1452 muris,
828 1417 884 1446 sed
906 1417 969 1445 sere
991 1414 1123 1452 spatium

90 1463 124 1490 27
133 1459 228 1496 iugeri
239 1461 329 1489 unius
341 1460 463 1489 absunt.
478 1460 524 1488 Ac
532 1467 571 1488 ne
582 1463 675 1489 totam
684 1459 807 1496 quidem
818 1459 923 1487 urbem
935 1457 1023 1487 tectis
1032 1465 1122 1487 occu-

133 1505 297 1538 paverunt:
314 1509 369 1538 per
383 1501 488 1530 LXXX
503 1501 601 1530 stadia
615 1500 774 1535 habitatur,
790 1508 847 1529 nec
863 1498 964 1529 omnia
979 1498 1123 1529 continua

134 1547 219 1578 sunt,
235 1543 343 1578 credo,
366 1543 437 1580 quia
452 1542 545 1572 tutius
561 1543 660 1572 visum
676 1548 736 1578 est,
760 1542 898 1579 pluribus
915 1540 992 1571 locis
1008 1540 1121 1578 spargi.

134 1584 240 1614 Cetera
255 1589 360 1614 serunt
376 1585 551 1621 coluntque,
566 1589 607 1621 ut,
624 1584 650 1614 si
666 1588 792 1614 externa
803 1584 850 1613 vis
864 1583 997 1620 ingruat,
1015 1583 1121 1613 obses-

93 1625 176 1657 2ssis
192 1625 333 1656 alimenta
348 1635 387 1655 ex
400 1625 498 1663 ipsius
511 1626 595 1656 urbis
608 1627 675 1656 solo
688 1625 963 1656 subministrentur.
984 1625 1120 1662 Euphra-

136 1672 181 1697 tes
193 1667 337 1698 interssuit
347 1676 538 1706 magnaeque
550 1667 639 1698 molis
653 1667 861 1706 crepidinibus
877 1671 1045 1698 coercetur.
1060 1666 1122 1696 Sed

136 1708 267 1740 omnium
289 1718 416 1747 operum
442 1709 679 1747 magnitudinem
705 1708 945 1740 circumveniunt
971 1717 1122 1739 cavernae
