1215 1905
194 112 265 141 LlB.
284 112 333 140 VI.
351 112 432 141 CAP.
448 113 468 147 l,
486 116 518 141 10
531 129 559 132 —
575 112 656 141 CAP.
674 113 707 147 ll,
723 116 749 142 8.
770 123 816 150 [νἰ,
837 123 891 145 1-5,
911 124 948 150 z.]
1030 114 1088 145 lll

104 196 121 217 a
133 187 315 218 desectionis
329 187 422 217 sociis
431 187 564 217 Achaeis
578 188 703 224 etEleis,
721 188 795 218 CXX
805 190 915 219 talenta
929 190 1002 219 dare
1013 189 1090 219 iussi

62 234 94 260 21
103 234 182 259 sunt.
216 229 271 258 Hic
289 228 343 259 suit
358 229 457 258 exitus
473 229 558 264 belli,
578 231 660 266 quod
676 235 801 267 repente
818 235 930 267 ortum,
947 231 1032 268 prius
1048 236 1091 261 ta-

104 279 171 300 men
193 271 308 300 finitum
330 275 390 306 est,
420 279 510 308 quam
532 271 661 301 Dareum
684 273 859 302 Alexander
880 273 963 310 apud
979 273 1092 303 Arbela

105 317 272 350 superaret.

504 380 558 409 CA
567 381 597 408 P.
620 381 654 409 11.

76 445 88 469 1
185 439 231 476 (4)
254 439 315 469 Sed
331 444 362 469 ut
378 439 507 477 primum
522 440 704 470 instantibus
727 441 807 470 euris
829 442 948 471 laxatus
965 445 1012 471 est
1026 441 1090 471 ani-

105 490 171 511 mus
186 481 355 511 militarium
370 489 469 511 rerum
486 490 576 519 quam
590 481 700 518 quietis
713 482 827 519 otiique
838 483 1015 520 patientior,
1038 491 1090 512 ex-

104 531 214 560 cepere
230 532 298 553 eum
313 524 504 560 voluptates,
520 528 558 559 et,
576 532 666 560 quem
682 532 764 553 arma
780 524 939 553 Persarum
955 533 1015 554 non
1032 526 1090 554 sre-

75 569 90 595 2
102 570 216 602 gerant,
232 565 304 595 vitia
318 566 470 605 vicerunt:
487 565 701 602 intempestiva
713 565 854 595 convivia
864 570 894 595 et
905 566 1089 603 perpotandi

104 607 366 644 pervigilandique
378 607 485 636 insana
498 607 628 636 dulcedo
642 607 767 644 ludique
776 611 805 637 et
817 615 927 644 greges
937 607 1090 644 pellicum,

104 649 204 678 omnia
220 649 248 678 in
265 653 421 679 externum
438 649 524 686 lapsa
539 657 663 678 morem.
687 648 782 685 Quem
797 650 981 685 aemulatus,
1001 650 1089 687 quasi

103 690 253 727 potiorem
275 699 346 726 suo,
369 690 410 720 ita
432 690 624 728 popularium
646 691 763 720 animos
786 692 956 728 oculosque
977 691 1091 728 pariter

103 732 243 767 offendit,
271 736 303 762 ut
323 741 341 761 a
362 732 518 769 plerisque
540 732 706 762 amicorum
730 740 783 769 pro
806 732 895 762 hoste
917 732 1088 763 haberetur.

71 778 88 803 3
100 775 236 803 Tenaces
253 774 368 810 quippe
389 773 570 810 disciplinae
587 782 661 803 suae
678 774 849 811 solitosque
867 782 960 810 parco
981 782 1018 803 ac
1036 783 1088 812 pa-

100 814 186 844 rabili
202 815 284 844 victu
305 815 344 844 ad
365 815 520 852 implenda
541 819 665 844 naturae
681 815 835 844 desideria
850 815 975 852 defungi
991 816 1019 845 in
1036 824 1089 853 pe-

71 861 87 887 4
99 856 218 894 regrina
234 861 263 886 et
278 856 465 886 devictarum
480 857 615 893 gentium
633 858 711 886 mala
726 857 894 894 impulerat.
927 857 1005 886 Hinc
1021 866 1087 887 sae-

102 899 171 936 pius
187 903 381 935 comparatae
397 899 426 927 in
443 902 534 935 caput
549 898 616 928 eius
632 898 776 934 insidiae,
800 898 939 928 secessio
961 898 1088 929 militum

101 945 130 971 et
145 940 267 970 liberior
281 941 359 969 inter
370 944 489 969 mutuas
503 940 643 977 querelas
657 941 753 975 dolor,
771 940 869 977 ipsius
883 940 995 970 deinde
1008 949 1088 970 nunc

101 982 161 1018 ira,
183 989 263 1011 nunc
280 981 489 1018 suspiciones,
513 990 589 1019 quas
606 982 758 1011 excitabat
772 982 964 1012 inconsultus
980 987 1087 1019 pavor,

101 1028 264 1061 ceteraque
278 1023 326 1053 his
342 1022 460 1059 similia,
477 1031 555 1061 quae
571 1023 682 1053 deinde
698 1023 844 1053 dicentur.

72 1070 88 1095 5
183 1065 229 1102 (5)
251 1064 343 1102 Igitur
365 1074 458 1102 quum
478 1065 700 1102 intempestivis
723 1064 873 1094 conviviis
890 1065 957 1095 dies
974 1065 1087 1102 pariter

103 1111 272 1145 noctesque
293 1112 500 1143 consumeret,
527 1107 696 1137 satietatem
718 1107 875 1143 epularum
893 1106 973 1137 ludis
995 1108 1086 1137 inter-

102 1150 243 1188 pellabat,
259 1158 320 1179 non
337 1153 498 1179 contentus
513 1148 676 1185 artificum,
694 1157 772 1186 quos
789 1157 806 1178 e
822 1148 949 1179 Graecia
963 1149 1086 1179 excive-

101 1196 155 1228 rat,
171 1192 272 1222 turba:
289 1190 403 1228 quippe
416 1190 554 1227 captivae
566 1190 749 1220 iubebantur
760 1198 817 1220 suo
832 1190 891 1220 ritu
907 1198 1026 1227 canere,
1043 1190 1088 1220 in-

72 1238 87 1264 6
101 1233 255 1264 conditum
273 1237 302 1263 et
323 1233 491 1262 abhorrens
507 1231 675 1269 peregrinis
691 1232 816 1262 auribus
833 1240 964 1262 carmen.
1008 1232 1090 1262 Inter

102 1284 179 1313 quas
200 1283 291 1305 unam
312 1283 366 1304 rex
382 1273 450 1311 ipse
466 1273 628 1311 conspexit
642 1273 835 1304 maestiorem
857 1283 948 1311 quam
970 1278 1088 1304 ceteras

101 1321 130 1347 et
144 1316 384 1354 producentibus
401 1324 466 1345 eam
482 1316 657 1346 verecunde
672 1317 880 1346 reluctantem.
923 1316 1086 1345 Excellens

100 1362 165 1389 erat
179 1359 290 1394 forma,
316 1363 345 1388 et
360 1359 486 1387 formam
502 1358 602 1395 pudor
616 1357 812 1387 honestabat:
840 1357 967 1387 deiectis
983 1357 1012 1387 in
1029 1361 1086 1387 ter-

98 1408 163 1430 ram
184 1400 281 1430 oculis
303 1404 346 1435 et,
369 1403 513 1437 quantum
529 1399 652 1435 licebat,
670 1408 723 1430 ore
738 1400 837 1430 velato
849 1423 856 1435 ,
878 1399 1087 1437 suspicionem

100 1442 239 1479 praebuit
252 1441 333 1478 regi,
348 1441 528 1471 nobiliorem
543 1449 628 1478 esse,
652 1450 743 1479 quam
758 1445 790 1471 ut
804 1441 881 1471 inter
896 1440 1087 1470 conviviales

71 1487 86 1514 7
100 1483 190 1513 ludos
207 1484 331 1513 deberet
346 1482 475 1513 ostendi.
517 1483 598 1520 Ergo
612 1482 811 1520 interrogata,
829 1491 979 1519 quaenam
994 1486 1087 1518 esset,

100 1529 222 1562 neptem
244 1533 277 1555 se
294 1524 382 1559 Ochi,
407 1524 459 1562 qui
474 1533 572 1562 nuper
583 1529 744 1562 regnasset
760 1524 789 1554 in
804 1525 920 1559 Persis,
942 1524 1003 1554 filio
1019 1524 1086 1554 eius

98 1566 239 1604 genitam,
255 1574 326 1596 esse
338 1567 512 1604 respondit:
526 1565 826 1605 uxoremHystaspis
840 1565 945 1596 fuisse.
960 1565 1085 1603 Propin*

100 1617 178 1646 quus
199 1608 248 1638 hic
263 1607 352 1638 Darei
375 1608 486 1644 fuerat,
514 1608 613 1646 magni
635 1613 664 1638 et
685 1608 753 1645 ipse
775 1607 927 1638 exereitus
954 1611 1085 1645 praetor.

69 1650 206 1680 eAdhue
221 1650 250 1680 in
267 1650 368 1680 animo
383 1650 465 1687 regis
482 1655 588 1680 tenues
604 1650 751 1687 reliquiae
771 1649 890 1687 pristini
905 1650 998 1679 moris
1013 1649 1085 1679 hae-

98 1691 212 1722 rebant.
234 1693 341 1730 Itaque
354 1693 505 1722 fortunam
516 1691 600 1729 regia
613 1692 708 1729 stirpe
719 1691 838 1729 genitae
850 1697 880 1721 et
892 1696 952 1722 tam
964 1691 1085 1721 celebre

100 1742 208 1763 nomen
229 1733 379 1764 reveritus
401 1743 461 1764 non
484 1733 590 1764 dimitti
610 1735 702 1764 modo
725 1733 895 1772 captivam,
917 1733 973 1763 sed
995 1732 1086 1763 etiam
