1215 1895
115 83 157 116 58
462 84 495 120 Ω.
519 84 673 113 CURTII
694 85 800 114 RUFI

114 161 287 197 clamatque
303 167 407 189 amens
424 159 544 189 dolore:
571 159 656 194 Quod
667 168 719 196 eqo
731 163 841 190 tantam
856 161 943 196 nefas
964 164 1100 200 commisi,

116 202 304 236 Alexander,
328 210 410 238 quem
422 205 536 231 tuorum
544 203 776 238 propinquorum
788 204 892 231 necavi
898 225 904 238 ‚
923 207 954 232 ut
963 203 1041 233 hane
1052 206 1099 234 υἰ-

115 252 177 273 cem
189 244 327 272 saevitiae
339 251 420 272 meae
431 241 594 272 redderes?
618 243 710 272 Odisti
719 251 771 278 me,
794 251 852 272 non
863 244 979 280 quidem
988 253 1099 282 provo—

114 289 215 314 calns:
227 285 280 313 sed
287 285 374 320 single,
387 285 491 314 iustum
504 285 632 313 inlalisse
644 288 670 314 te
682 285 802 314 bellum:
820 293 886 314 cam
894 285 1015 321 feminis
1028 295 1099 323 erqo

116 335 205 362 aqere
217 324 383 355 debueras?
407 325 543 363 Ty1·i‹'›tes
559 326 710 355 affirmare
724 333 779 362 per
795 326 870 356 deos
886 326 1010 363 patrios,
1026 327 1140 358 nihil30

116 368 145 397 in
162 375 228 396 eam
244 367 367 404 gravius
383 375 453 396 esse
466 367 651 396 consultum:
667 367 853 404 ingemuisse
868 367 957 397 etiam
965 369 1096 398 Alexan-

116 410 202 438 drum
217 408 304 438 morti
320 412 350 437 et
364 417 423 438 non
437 408 559 445 parcius
576 406 709 444 flevisse,
730 417 820 445 quam
835 409 903 445 ipse
919 409 1096 440 lacrimaret.

117 450 160 480 Ob
183 451 259 479 haec
280 449 348 487 ipsa
369 450 497 479 amantis
519 450 637 479 animus
652 449 681 479 in
698 450 930 480 solticitudinem
946 451 1137 488 suspicio-31

116 499 247 529 nemque
273 492 429 521 revolutus
455 496 515 527 est,
543 491 727 521 desiderium
755 491 892 529 captix'ae
917 493 1054 529 profecto
1079 501 1097 522 a
1167 489 1172 494 ’

117 532 336 563 consuetudine
352 533 447 570 stupri
463 537 559 562 ortum
575 541 645 562 esse
658 534 842 563 coniectans.
865 533 1028 563 Summotis
1044 533 1095 570 igi-
1105 538 1140 563 32

116 580 163 606 tur
177 574 313 610 arbitris,
328 583 388 603 uno
406 575 560 604 dumtaxat
574 574 694 612 Tyrifite
709 578 841 611 retento,
858 574 916 604 iam
932 583 993 605 non
1008 575 1096 611 flens,

115 618 171 646 sed
188 616 361 653 suspirans,
386 617 524 651 Videsne,
547 616 658 652 inquit,
684 617 810 654 Tyriote,
833 618 926 646 locam
946 617 1099 646 mendacio

115 667 173 688 non
195 656 277 687 esse?
297 662 438 687 tormenta
460 660 519 687 iam
538 659 585 687 llic
599 661 700 687 erunt:
721 659 820 687 sedne
831 660 1033 695 expectaveris
1042 667 1098 695 per

116 701 191 735 deos,
204 701 231 729 si
240 700 313 736 qaid
321 700 372 728 tibi
381 700 424 728 tui
434 701 512 736 reqis
523 701 704 729 reverentiae
715 697 783 729 eslf
794 708 871 735 mem,
893 701 972 736 quod
984 704 1013 729 et
1022 701 1099 730 seire

115 745 219 779 expeto
240 745 268 770 el
288 749 431 777 quaerere
451 741 555 777 pudet‚
578 749 668 770 ausus
685 744 727 770 est
741 744 771 770 et
786 742 919 770 dominus
929 745 957 771 et
967 740 1099 771 iuvenis?

116 784 169 812 lile
185 782 355 819 quaestioni
372 790 485 818 corpus
502 782 626 817 offerre,
644 782 720 812 deos
736 786 829 812 testes
846 783 997 817 invocare,
1015 786 1097 812 caste
1105 785 1140 812 33

116 829 284 860 sancteque
306 823 436 853 habitam
458 832 529 853 esse
544 823 687 860 reginam.
730 824 861 852 Tandem
880 827 912 853 ut
927 824 1003 853 fides
1020 824 1098 853 sacta
1106 827 1140 853 34

116 871 178 901 est,
201 873 272 895 vera
288 873 373 901 esse,
402 873 480 901 quae
496 865 659 894 affirmaret
676 865 789 901 spado,
816 865 914 902 eapite
930 865 1096 904 velato,diu

117 907 201 937 flevit
215 906 468 943 manantibusque
483 907 582 936 adhuc
598 906 737 941 lacrimis,
753 910 839 936 veste
854 907 891 935 ab
908 914 960 936 ore
975 906 1098 941 reiecta,

117 950 156 979 ad
172 950 290 978 coelum
305 956 412 977 manus
428 948 565 983 tendens,
581 949 632 977 Dii
639 949 740 985 patrii,
759 947 870 985 inquit,
891 949 1018 985 primum
1029 949 1102 977 mihi

116 992 238 1020 stabilite
249 998 388 1026 regnum:
411 990 530 1025 deinde,
553 991 580 1018 si
589 991 625 1018 de
635 998 680 1019 me
692 991 750 1019 iam
761 992 941 1019 transactum
952 993 1007 1025 est,
1021 998 1101 1026 pre-

116 1041 180 1068 cor,
199 1041 236 1061 ne
247 1034 311 1068 quis
320 1033 416 1068 polius
427 1031 514 1060 Asiae
525 1040 581 1063 rex
592 1033 640 1067 sil,
666 1040 753 1067 qaam
766 1033 817 1061 isle
829 1035 887 1060 tam
900 1032 990 1060 iustus
1002 1031 1099 1067 hostis,

117 1078 174 1103 lam
187 1075 351 1103 misericors
363 1075 462 1102 victor.

555 1139 646 1168 CAP.
668 1139 716 1167 XI¹

196 1199 261 1235 (43)
278 1200 382 1236 ltaque
395 1206 586 1235 quamquam,
602 1199 712 1228 frustra
727 1206 803 1235 paee
818 1197 865 1227 bis
880 1198 981 1235 petita,
999 1198 1099 1227 omnia
1126 1203 1139 1227 1

118 1241 147 1270 in
162 1241 281 1270 ’beilum
303 1240 429 1271 consilia
451 1243 655 1275 converterat,
681 1239 780 1269 vletus
802 1244 900 1269 tamen
917 1239 1101 1269 continentia

119 1282 215 1313 hostis
238 1283 277 1311 ad
301 1290 397 1312 novas
421 1281 506 1318 pacis
529 1281 719 1311 conditiones
742 1281 883 1310 serendas
898 1281 1004 1311 decem
1019 1282 1101 1318 lega-

118 1329 176 1360 tos,
190 1327 387 1361 cognatorum
400 1322 563 1360 principes,
576 1322 669 1352 misit:
685 1331 763 1359 quos
771 1323 954 1358 Alexander,
973 1322 1099 1353 consilio

119 1366 278 1401 advocato,
294 1364 444 1394 introduci
459 1364 555 1394 iussit.
598 1365 622 1393 E
639 1364 748 1401 quibus
764 1363 913 1394 maximus
930 1369 1015 1400 natu,
1034 1365 1101 1393 Ba-
1126 1368 1142 1393 a

119 1411 209 1443 reum,
224 1406 330 1444 inquit,
345 1410 377 1436 ul
384 1415 490 1444 pacem
502 1410 558 1436 ate
570 1408 629 1435 iam
641 1407 694 1435 hoc
708 1408 822 1435 tertium
829 1409 951 1443 peterel‚
966 1407 1049 1435 milla
1061 1407 1102 1435 vis

119 1450 236 1485 subegit,
258 1449 311 1478 sed
331 1452 381 1477 tua
403 1450 511 1477 iustitia
533 1452 561 1476 el
581 1449 756 1477 continentia
778 1449 931 1484 expressit.
964 1448 1101 1484 Matrem,
1126 1448 1143 1476 ὃ

119 1492 278 1527 coniaqem,
291 1491 395 1519 liberos
406 1491 475 1525 eius,
488 1491 545 1518 nisi
554 1491 633 1526 qnod
642 1491 704 1519 sine
715 1491 764 1519 illo
775 1494 849 1525 stnzl,
862 1495 962 1526 captos
973 1497 1034 1519 esse
1045 1497 1102 1518 non

119 1533 277 1561 sensimus:
294 1532 458 1568 pudicitiae
477 1539 594 1566 earum,
619 1540 695 1567 qaae
712 1535 882 1568 supersunt,
907 1539 1010 1560 curam
1021 1531 1105 1559 haud

119 1581 202 1603 secus
213 1581 301 1609 quam
312 1581 423 1609 parens
435 1581 526 1609 aqens
537 1575 657 1609 reginas
668 1574 810 1610 appellas,
823 1574 947 1609 speciem
954 1573 1102 1608 pristinae

116 1615 259 1650 fortunae
269 1617 395 1644 relinere
404 1616 524 1651 pateris.
576 1615 689 1644 Vallum.
702 1618 780 1644 tuum
792 1615 887 1650 video,
905 1615 1001 1650 qualis
1011 1614 1105 1643 Darei
1127 1617 1143 1642 4

80 1654 83 1657 '
117 1656 186 1692 suit,
204 1664 291 1693 quum
303 1657 512 1685 dimiaeremur
523 1657 560 1686 ab
570 1664 602 1685 eo
612 1667 619 1681 .·
640 1662 668 1685 et
677 1658 727 1686 ille
738 1660 831 1685 tamen
845 1663 982 1691 uxorem,
1005 1660 1035 1684 τιι
1047 1656 1104 1684 1ιο-

121 1703 189 1728 stem
211 1699 300 1734 Iuyes.
338 1698 403 1726 Iam
421 1699 450 1726 in
470 1699 534 1727 acie
544 1702 652 1734 slates,
675 1699 815 1727 nisicara
827 1700 853 1726 le
863 1699 1032 1734 sepulturae
1042 1697 1105 1726 eius
