1215 1905
220 85 292 114 LlB.
306 86 356 114 vl.
374 85 455 115 cAl‘.
468 86 516 120 xl,
530 90 650 116 22—40.
671 96 718 122 ινι,
736 96 769 119 ⁴³.
786 97 820 118 u.
841 96 880 123 z.1
1003 87 1066 117 139

29 166 186 202 uposset,
204 166 301 192 tamen
320 170 379 192 non
395 169 549 191 recusare.
573 162 616 191 lili
633 161 785 198 collocuti,
799 162 874 192 satis
891 162 1063 199 quaesitum

71 204 176 239 videri,
192 204 232 233 ad
247 211 350 240 regem
366 208 567 233 revertuntur.

152 244 220 282 (44)
243 245 299 281 Qui
314 249 440 282 postero
457 245 506 274 die
518 249 556 281 et,
574 253 653 281 quac
666 245 830 275 confessus
843 250 908 275 erat
921 245 1064 282 Philotas,

70 287 190 319 recitari
205 291 235 317 et
249 287 366 324 ipsum,
391 287 462 323 quia
477 286 595 323 ingredi
611 295 670 315 non
688 291 822 324 poterat,
845 287 936 317 iussit
950 287 1063 317 afferri.

28 329 176 363 350mnia
200 333 387 366 agnoscente
409 336 462 362 co,
491 328 682 364 Demetrius,
709 328 760 366 qui
784 328 913 365 proximi
936 329 1063 359 sceleris

70 371 224 410 particeps
239 379 310 401 esse
325 371 523 407 arguebatur,
539 370 728 407 producitur.
751 370 846 400 Multa
860 371 1063 401 affirmatione

71 413 225 451 animique
241 412 354 450 pariter
369 412 540 442 constantia
556 416 586 442 et
600 413 702 442 vultus
718 412 872 448 abnuens,
897 412 1063 450 quicquam

72 455 130 486 sibi
144 455 174 485 in
191 463 294 492 regem
309 454 473 492 cogitatum
492 463 579 490 esse,
602 459 751 484 tormenta
766 454 857 484 etiam
874 454 1064 492 deposcebat

27 498 98 529 36in
115 497 327 534 semetipsum=
355 505 447 534 quum
462 496 608 532 Philotas,
631 496 815 526 circumlatis
837 497 950 533 oculis,
971 501 1005 526 ut
1020 496 1062 525 in-

72 539 174 569 cidere
197 539 226 568 in
248 538 330 568 Calin
356 539 508 575 quendam
530 538 612 568 haud
634 539 740 575 procul
763 543 908 573 stantem,
934 538 1062 575 propius

71 589 139 611 eum
156 580 244 610 iussit
258 581 416 610 accedere.
447 581 502 610 Illo
518 581 694 617 perturbato
711 584 740 610 et
755 585 917 610 recusante
934 580 1063 609 transire

70 623 108 653 ad
122 631 209 658 eum,
225 624 364 658 Patiens,
381 622 492 660 inquit,
508 623 686 652 Demetrium
704 624 823 652 mentire·
837 631 999 659 rursusque
1018 631 1063 651 me

27 669 60 698 37
69 663 264 695 excruciari?
286 664 369 694 Calin
387 673 448 694 vox
464 665 652 702 sanguisque
668 665 858 694 defecerant:
875 668 905 693 et
920 664 1061 693 Macedo·

71 715 126 737 nes
141 706 285 736 Philotam
302 706 462 744 inquinare
474 706 618 736 innoxios
633 707 713 736 velle
729 706 973 742 suspicabantur,
992 705 1060 742 quia

70 756 126 778 nec
141 757 159 778 a
174 748 359 778 Nicomacho
376 756 432 778 nec
449 748 485 777 ab
502 748 570 785 ipso
592 748 721 784 Philota,
745 757 839 785 quum
860 752 1063 785 torqueretur,

70 789 243 820 nominatus
259 794 344 819 esset
360 791 554 819 adolescens.
593 790 648 826 Qui
669 795 702 819 ut
718 790 892 827 praefectos
907 789 989 826 regis
1006 789 1062 818 cir-

71 836 256 862 cumstantes
274 840 308 861 se
324 831 412 866 vidit,
436 831 619 861 Demetrium
636 836 665 861 ct
681 831 881 868 semetipsum
896 831 927 861 id
943 831 1062 860 facinus

27 873 223 911 aecogitasse
239 873 401 903 confessus
418 877 473 902 est.
509 873 620 903 Omnes
643 881 715 910 ergo
731 882 749 902 a
763 873 950 903 Nicomacho
966 873 1062 902 nomi-

28 915 130 947 39nati
146 923 231 945 more
247 915 362 952 patrio,
386 915 456 944 dato
483 915 587 951 siguo,
610 915 695 945 saxis
711 915 809 945 obruti
826 919 906 945 sunt.
949 915 1061 952 Magno

71 966 131 987 non
158 957 281 992 salutis,
307 957 363 986 sed
389 957 479 986 etiam
508 957 640 986 invidiae
667 957 804 993 periculo
831 957 976 987 liberatus
999 961 1062 986 crat

70 999 261 1029 Alexander:
289 998 405 1035 quippe
420 998 577 1029 Parmenio
599 1003 629 1029 et
644 999 791 1033 Philotas,
818 999 974 1035 principes
989 998 1062 1027 ami—

71 1049 191 1075 corum,
213 1040 271 1070 nisi
294 1041 392 1077 palam
414 1045 535 1076 sontes,
558 1040 624 1070 sine
640 1040 849 1078 indignatione
865 1041 957 1070 totius
973 1048 1061 1070 exer-

28 1082 149 1113 wcitus
161 1091 221 1112 non
235 1082 409 1119 potuissent
420 1082 567 1112 damnari.
587 1083 694 1119 Itaque
706 1090 823 1119 anceps
837 1082 978 1119 quaestio
991 1081 1061 1112 suit:

71 1124 143 1154 dum
158 1123 304 1153 infitiatus
326 1128 373 1153 est
395 1124 528 1158 facinus,
556 1124 719 1154 crudeliter
740 1124 876 1161 torqueri
892 1123 1062 1159 videbatur,

71 1170 143 1203 post
164 1165 392 1196 confessionem
414 1166 546 1196 Philotas
569 1175 606 1196 ne
622 1166 789 1196 amicorum
806 1166 929 1203 quidem
945 1165 1061 1195 miseri·

70 1207 205 1237 cordiam
222 1207 338 1237 meruit.

418 1325 569 1355 LIBER
603 1325 663 1354 Vll.

393 1419 707 1447 ARGUMENTUM.

71 1477 89 1500 l.
110 1476 253 1500 Alexander
265 1477 427 1507 Lyncestem.
449 1477 589 1501 maiestatis
599 1484 684 1505 reum,
705 1477 810 1500 interfici
826 1477 907 1500 iubet:
929 1475 1021 1500 deinde
1036 1476 1061 1499 in

107 1511 238 1542 Amyntam
250 1515 273 1534 et
286 1511 416 1534 Simmiam
426 1529 432 1537 ,
443 1510 556 1535 Philotae
567 1512 672 1539 amieos,
683 1511 795 1541 inquirit,
806 1511 849 1541 qni
859 1517 931 1534 suam
943 1511 1061 1534 iunocen-

105 1545 165 1568 tiam
176 1545 248 1576 gravi
261 1545 373 1568 oratione
385 1544 531 1569 defendunt.
570 1546 598 1570 ΙΙ.
620 1547 729 1577 Amynta
745 1551 767 1568 et
784 1545 901 1569 fratribus
916 1545 941 1569 in
953 1545 1060 1577 gratiam

102 1580 223 1610 receptis.
239 1578 388 1610 Polydamas
407 1580 475 1610 regis
490 1580 560 1603 iussu
574 1579 688 1603 celeriter
702 1580 726 1603 in
743 1580 851 1604 Mediam
863 1579 990 1611 profectus
999 1579 1060 1603 Par-

103 1614 245 1638 menionem
258 1613 384 1637 interiit-it:
402 1614 469 1637 unde
482 1614 621 1645 indignatio
635 1618 658 1638 et
669 1614 758 1638 seditio
772 1614 878 1637 militum
889 1613 1060 1638 Parmenionis

105 1648 197 1678 oritur,
217 1654 280 1678 quae
298 1647 400 1671 taudem
421 1649 585 1679 extinguitur.
620 1649 661 1673 111.
680 1648 771 1672 Varios
791 1648 899 1680 populos
918 1648 1061 1672 Alexander

104 1683 188 1706 domat
213 1687 236 1705 et
258 1681 427 1713 septendecim
453 1682 541 1706 diebus
569 1690 624 1706 cum
649 1683 758 1707 exercitu
785 1682 923 1707 Caucasum
946 1688 1060 1714 superat.

102 1716 143 1739 iv.
162 1715 254 1740 Bessus
266 1717 296 1740 dc
307 1716 371 1740 bello
382 1716 502 1740 adversus
514 1717 685 1741 Alexandrum
702 1717 812 1749 gerendo
827 1717 891 1741 inter
902 1717 989 1748 epulas
1000 1724 1048 1741 con
