1215 1905
118 111 179 141 258
463 113 495 148 Q.
519 113 673 142 CURTII
694 114 801 143 RUM

117 187 272 224 corporis,
287 187 317 216 in
334 195 423 224 quein
439 196 473 216 se
489 193 718 224 composuerat,
737 198 828 226 quum
843 189 1031 220 admissurus
1048 191 1104 221 mi-

118 229 183 258 lites
207 233 298 264 esset‚
325 229 463 264 durasse,
489 230 587 258 donec
609 238 628 258 a
650 234 712 259 toto
728 229 864 260 exercitu
879 231 952 260 illud
967 232 1101 262 ultimum

117 270 321 307 persalutatus
336 274 396 299 est:
424 270 613 307 dimissoque
630 272 736 307 vulgo,
759 272 840 301 velut
861 272 941 301 omni
956 272 1033 302 vitae
1050 274 1100 303 de—

117 313 176 340 bito
194 311 348 347 liberatus,
364 311 487 348 fatigata
501 313 635 341 membra
650 312 763 342 reiecit.
805 313 996 350 Propiusque
1017 314 1100 344 adire
1111 320 1127 344 4

116 352 209 382 iussis
226 352 330 381 amicis
349 370 385 374 —
403 361 470 381 nam
487 358 515 382 et
537 362 599 382 vox
614 354 746 383 deficere
761 354 820 383 iam
836 360 979 391 coeperat
992 372 1035 377 —
1049 356 1100 384 de-

115 398 242 423 tractum
258 395 380 423 anulum
397 395 489 430 digito
505 395 667 424 Perdiccae
682 395 819 431 tradidit,
835 396 961 425 adiectis
977 397 1099 426 manda-

115 436 168 470 tis,
191 439 223 464 ut
237 443 349 472 corpus
366 444 453 465 suum
469 437 507 465 ad
523 436 717 465 Hammonem
734 437 803 466 ferri
818 436 963 467 iuberent.
1004 438 1099 474 Quae·
1113 444 1129 468 5
1162 467 1163 471 ,

114 477 249 506 rentibus
266 477 329 512 his,
357 477 405 506 cui
420 478 605 515 relinqueret
623 486 763 514 regnum,
787 479 958 515 respondit,
980 479 1024 515 ei,
1048 479 1099 516 qui

115 523 198 548 esset
213 519 362 555 optimus:
385 523 517 548 ceterum
533 518 696 555 providere
712 519 770 548 iam
786 528 834 555 se,
852 521 889 549 ob
905 521 935 549 id
948 525 1098 550 certamen

114 568 240 596 magnos
257 561 400 589 funebres
417 561 505 590 ludos
522 560 621 597 parari
644 561 710 589 sibi.
753 562 870 590 Rursus
892 561 1035 591 Perdicca
1055 562 1098 591 in-
1110 567 1127 592 6

114 606 301 638 terrogante‚
328 603 450 638 quando
473 603 624 631 coelestes
640 602 772 631 honores
795 602 898 632 haberi
920 603 976 632 sibi
999 605 1096 638 vellet,

114 643 197 678 dixit,
214 647 275 672 tum
292 644 378 678 velle,
396 651 487 679 quum
503 643 563 679 ipsi
580 642 684 672 felices
702 648 814 673 essent.
858 643 1006 681 Suprema
1022 645 1097 674 haec

114 693 174 713 vox
191 684 245 714 suit
258 683 349 721 regis,
365 688 394 713 et
408 685 498 721 paulo
516 689 586 721 post
602 684 792 722 extinguitur.

196 725 263 762 (15)
278 727 322 755 Ac
338 725 437 762 primo
454 727 573 762 ploratu
589 727 788 763 lamentisque
804 731 833 755 et
849 727 931 762 plan·
983 733 1011 752 A·
1032 733 1069 753 ³2³
1110 732 1124 758 7

114 768 211 797 ctibus
228 772 289 797 tota
304 767 387 803 regia
403 768 599 804 personabat:
616 776 696 804 mox,
709 769 791 797 velut
805 767 834 796 in
847 772 933 797 vasta
961 757 1045 802 ξ’ἰῑθῦἷῖ·
1056 764 1092 802 ξζι

114 808 292 844 solitudine,
319 808 420 838 omnia
443 809 517 838 tristi
533 809 749 849 silentiobmuta
765 809 932 846 torpebant,
963 807 1089 852 ¹³·1ffig‘ffl

113 851 151 879 ad
167 850 381 887 cogitationes,
404 850 477 887 quid
489 850 599 879 deinde
615 849 744 880 f'u'turum
760 855 858 885 esset,
880 852 933 880 do·
952 856 986 877 01.
1007 846 1058 881 ηαξ
1077 857 1095 876 ι.

113 894 176 921 lore
192 899 351 932 converso.
394 891 516 920 Nobiles
539 891 625 928 pueri
641 891 798 921 custodiae
814 891 951 928 corporis
967 890 1033 921 eius
1048 899 1096 920 as-
1107 896 1123 922 8
1168 887 1182 928 ἶ,
1199 919 1200 922 ,

113 933 190 962 sueti
212 941 268 962 nec
287 933 402 962 doloris
419 932 654 969 magnitudinem
671 941 781 969 capere
798 939 853 961 nec
870 941 903 962 se
919 932 1005 968 ipsos
1020 931 1096 960 intra
1168 935 1184 943 '¹
1198 935 1200 938 ’

114 974 293 1004 vestibulum
313 973 416 1010 regiae
437 978 540 1003 tenere
560 979 723 1010 potuerunt
737 973 868 1010 vagique
883 978 912 1002 et
928 973 1095 1002 furentibus

114 1015 226 1045 similes
241 1020 334 1045 totam
349 1015 454 1045 urbem
470 1017 551 1044 luctu
566 1023 601 1044 ae
623 1023 759 1044 maerore
775 1015 1015 1051 compleverant,
1031 1015 1095 1043 nul-

112 1058 149 1086 lis
176 1056 334 1097 questibus
362 1056 499 1098 omissis,
532 1065 610 1093 quos
631 1056 661 1086 in
684 1056 734 1086 tali
755 1064 829 1085 casu
851 1056 938 1085 dolor
954 1054 1095 1096 sjiggerit.

112 1098 260 1136 Ergo'qui
276 1103 361 1128 extra
375 1096 488 1135 reffi‘am
503 1098 672 1134 astiterant,
693 1098 875 1127 Macedones
897 1097 1009 1134 pariter
1029 1097 1096 1126 bar·
1108 1101 1125 1127 9

112 1140 254 1176 barique,
283 1145 480 1174 concurrunt,
512 1148 568 1169 nec
590 1144 728 1176 poterant
749 1138 818 1168 vieti
837 1147 856 1168 a
880 1138 1044 1168 victoribus
1066 1137 1096 1167 in

113 1181 265 1211 communi
280 1181 386 1211 dolore
402 1181 544 1210 discerni.
586 1181 696 1210 Persae
712 1180 909 1209 iustissimum
924 1187 960 1209 ac
975 1178 1096 1208 mitissi-

113 1232 192 1252 mum
209 1222 378 1258 dominum,
408 1223 591 1252 Macedones
616 1222 760 1259 optimum
781 1230 817 1251 ac
839 1221 1035 1251 fortissimum
1049 1228 1095 1249 re-

113 1273 181 1301 gem
209 1264 388 1294 invocantes
418 1269 568 1293 certamen
599 1264 753 1301 quoddam
782 1262 927 1292 maeroris
956 1256 1107 1292 edebant]

113 1307 173 1335 Nec
189 1310 372 1336 maestorum
388 1307 502 1341 solum,
526 1306 581 1335 sed
597 1305 685 1334 etiam
701 1304 919 1340 indignantium
936 1304 1095 1333 vffc'es’ex·
1108 1308 1138 1332 ιο
1164 1305 1174 1331 J!

113 1347 328 1383 audiebantur,
352 1352 410 1377 tam
433 1347 558 1376 viridem
580 1351 610 1376 et
630 1346 659 1376 in
682 1346 758 1375 flore
773 1345 879 1375 aetatis
895 1346 1095 1381 fortunaeque

114 1389 227 1418 invidia
247 1389 337 1418 deum
359 1393 494 1425 ereptum
517 1397 587 1418 esse
608 1388 700 1417 rebus
722 1387 868 1416 humanis.
913 1386 1008 1424 Vigor
1030 1385 1096 1414 eius

114 1436 144 1460 et
159 1431 258 1460 vultus
274 1430 432 1460 educentis
448 1430 476 1459 in
493 1430 643 1466 proelium
665 1428 789 1465 milites,
812 1427 980 1458 obsidentis
996 1427 1096 1461 urbeS,

114 1472 271 1502 evadentis
291 1471 321 1500 in
343 1480 462 1507 muros,
490 1472 583 1500 fortes
605 1470 687 1500 viros
708 1479 763 1507 pro
787 1469 934 1499 concione
956 1467 1096 1497 donantis
1166 1493 1169 1495 .

116 1513 315 1543 occurrebant
330 1512 435 1542 oculis.
477 1514 550 1541 Tum
564 1512 747 1541 Macedones
763 1511 883 1540 divinos
899 1511 1031 1539 honores
1048 1517 1097 1537 ne-
1107 1512 1138 1538 ll
1168 1508 1178 1550 πἱ

116 1563 207 1591 gasse
222 1555 250 1583 ei
265 1554 456 1591 poenitebat,
476 1553 650 1590 impiosque
672 1558 702 1582 et
716 1553 850 1589 ingratos
866 1551 961 1581 fuisse
977 1559 1011 1580 se
1025 1558 1095 1579 con·
1170 1553 1175 1561 ⁷
1206 1552 1214 1562 ⁶

116 1597 290 1631 fitebantur,
328 1596 411 1632 quod
439 1603 528 1625 aures
561 1595 626 1624 eius
656 1593 756 1624 debita
784 1593 989 1630 appellatione
1018 1592 1095 1620 trau—

116 1638 251 1666 dassent.

198 1679 265 1714 (16)
287 1679 323 1708 Et
339 1687 431 1714 quum
448 1678 499 1707 diu
515 1686 594 1707 nunc
609 1677 638 1706 in
654 1676 858 1711 veneratione,
877 1682 956 1704 nunc
972 1673 1002 1703 in
1018 1672 1097 1702 desi-

117 1719 201 1749 derio
218 1719 298 1756 regis
314 1719 502 1756 haesissent,
518 1719 547 1748 in
564 1719 650 1755 ipsos
667 1726 756 1747 versa
770 1715 921 1746 miseratio
938 1719 992 1745 est.
1036 1714 1098 1743 Ma·
1109 1718 1140 1743 1-1

1164 1187 1180 1201 3.

1166 1207 1173 1221 )
