1210 1895
442 64 678 90 PRAEFATIO.
1037 69 1082 87 xxi

47 138 91 170 qur·
110 137 143 161 1).
162 144 199 165 ae.‚
224 138 374 160 convenerat
390 134 524 159 multitudo.
571 132 675 157 Secutus
699 133 725 157 Z.
750 133 850 158 codices
870 136 921 163 est,
944 132 990 157 nisi
1015 132 1082 163 quod

47 172 90 205 qm·
107 171 139 196 de
158 171 299 195 coniectura
320 169 483 202 transposuit.

114 204 158 235 IX,
178 203 196 230 8
214 203 283 237 (32),
306 202 347 228 17.
365 204 390 228 in
409 210 493 235 regno.
535 201 619 234 Vulgo
643 202 667 225 in
686 209 799 233 reanum,
829 202 898 233 quod
916 200 941 225 h.
961 200 979 225 1.
1002 199 1082 224 haud-

47 246 174 271 quaquam
195 239 254 264 terri
276 242 371 271 potest:
391 237 455 262 Flor.
476 236 504 262 G.
524 237 549 260 t'n
564 236 673 268 reqione.
711 236 826 261 Ceterum
843 235 912 261 aliud
928 235 1082 260 fortasseta-

47 278 81 299 tet
109 274 210 303 vitium,
241 273 308 304 quod
335 277 418 296 tamen
437 276 463 295 ut
487 271 629 302 detegerem
655 274 678 294 et
706 271 857 303 corrigerem
883 270 994 295 noudum
1021 267 1081 293 mihi

47 308 113 333 conti
133 309 161 332 “ι.

114 315 159 371 Ιεῖζ,
178 341 194 368 9
212 341 282 374 (34),
304 341 326 366 l.
356 339 490 372 [compulit]
512 352 546 357 —-
562 341 715 369 permittere.
761 339 840 371 Epist.
861 347 886 371 p.
906 337 950 363 35.
971 337 1083 368 perpulit

46 381 105 409 post
120 378 263 408 permittere
281 375 451 400 adiiciendum
473 381 529 398 esse
549 374 612 403 dixi,
639 374 682 398 ubi
703 374 834 406 Zumptins
855 373 935 404 eoepit
944 371 1082 396 collocave-

47 415 94 436 rat.
138 410 209 435 Nunc
229 410 342 441 compulit
361 408 531 434 commodiore
549 408 605 432 loco
628 409 712 432 media
731 409 755 432 in
776 408 900 432 sententio
919 406 1006 439 posui:
1036 405 1083 429 ibi-

47 445 105 470 dem
123 444 204 470 codex
231 444 367 468 Tlieocren.
398 443 483 475 adegit
508 443 593 466 habet.
640 443 788 474 Per-pellere
810 442 879 474 apud
897 442 961 466 alios
980 439 1082 471 quidem

47 480 180 511 scriptores
201 486 259 504 oum
278 478 410 507 infinitivo,
429 477 497 509 apud
517 476 628 501 Curtium
648 485 750 509 semper
769 484 825 501 cnm
842 480 869 501 ut
883 475 1007 508 particula
1024 481 1082 498 con-

47 514 158 538 struitur.
203 514 290 544 Itaque
309 519 462 544 quamquam
481 512 634 536 constructio
655 511 698 536 illa
719 513 794 536 etiam
815 511 883 542 apud
904 510 1016 534 Curtium
1036 508 1082 532 mi-

48 548 114 573 nime
136 547 274 580 improbari
293 548 387 579 possit,
410 546 480 571 nolui
499 550 582 570 tamen
605 553 659 570 eam
680 546 704 570 in
724 545 791 570 huuc
811 545 959 576 scriptorem
978 543 1080 568 inferre.

114 580 158 614 IX,
177 580 194 608 9
215 581 286 614 (35),
308 581 350 606 12.
380 581 418 605 Hi
439 581 518 605 contis
541 581 640 611 navigia
664 581 823 611 appellebant
849 582 890 611 et,
921 579 976 603 dum
1003 584 1083 602 remos

47 618 134 648 aptam·
147 616 326 647 prohibebant,
345 616 518 640 consederant.
555 615 640 647 Vulgo
659 615 699 645 Ιιί,
719 615 774 638 dum
794 622 839 646 pro
859 617 899 645 et,
920 613 982 637 dum.
1020 611 1083 636 Vul-

47 652 115 684 garis
133 650 196 675 haec
214 650 288 676 lectio
312 651 397 682 inepta
417 654 454 674 est
475 657 520 673 nec
538 653 621 680 potest
640 649 756 681 intelligi.
795 648 891 673 Docere
911 647 963 672 vult
983 646 1083 671 Curtius

48 684 165 717 exemplo
185 688 317 709 nautarum
342 684 500 714 militumque
523 683 676 715 Alexandri,
708 684 733 707 in
760 682 870 707 tumultu
897 681 1082 706 festinationem

48 728 148 751 quoque
164 720 262 744 tardam
282 726 347 743 esse.
385 719 414 742 Id
436 723 520 742 tumen
540 718 624 750 priore
642 718 781 742 sententiae
801 721 872 749 parte
888 716 990 741 minime
1010 715 1083 739 doce-

47 759 100 783 tur,
125 761 218 785 quum,
240 753 308 784 quod
325 752 419 776 mulum
440 760 472 776 ex
489 760 533 780 eo,
560 753 628 782 quod
649 752 729 776 contis
752 752 951 784 propellerentur
972 750 1083 782 navigia,

48 792 128 813 ortum
150 788 191 816 sit,
211 795 260 812 non
280 787 411 812 indicetur.
448 786 535 810 Altera
555 794 612 810 vero
631 794 690 818 pars
710 786 785 818 plane
806 787 914 810 obscura
933 789 984 809 est:
1002 791 1083 815 neque

47 823 112 847 enim
130 822 264 853 quisquam
280 822 408 854 perspicit,
428 820 470 851 qui
488 820 582 845 sactum
597 820 639 849 sit,
658 824 685 844 ut
700 820 813 844 uonuulli
827 827 910 845 remos
929 819 1009 851 aptari
1024 825 1083 850 pro-

47 856 169 881 hiberent.
206 857 293 887 Itaque
314 855 340 880 Izi
357 856 451 879 mutavi
471 856 496 879 in
519 858 551 879 et.
593 855 691 879 Etenim
712 855 754 886 qui
775 862 853 879 naves
874 854 954 878 contis
973 852 1083 885 appelle-

47 891 120 920 bant,
138 898 168 915 eo
191 891 248 923 ipso
266 897 349 915 remos
371 890 451 922 aptari
472 889 639 921 prohibebant
666 892 741 920 etque
765 890 810 918 ita,
838 896 916 920 quum
935 889 1014 912 contis
1034 894 1081 911 non

47 932 127 956 aeque
145 925 208 950 bene
231 929 305 956 atque
324 925 399 948 remis
418 924 471 955 regi
490 924 546 948 illae
568 928 682 955 possent,
701 924 746 947 sed
768 923 891 948 inhabiles
910 926 1003 951 essent,
1025 929 1084 946 con-

48 960 172 984 sederunt.
218 960 270 984 Iam
293 959 319 983 hi
347 972 381 977 —
407 959 506 990 quidam
533 970 568 976 —
596 959 663 982 aliae
692 959 741 982 sibi
768 957 933 990 respondent:
960 960 1082 988 puuctum

48 994 126 1026 igitur
146 997 204 1026 post
222 994 387 1018 consederant
407 993 541 1017 delendum
561 996 584 1016 et
611 992 684 1017 colon
704 993 850 1024 ponendum
871 995 930 1016 erat.
968 990 1083 1015 Ceterum

48 1028 117 1059 quod
134 1028 159 1052 in
177 1028 252 1053 Voss.
277 1028 302 1052 2.
324 1035 379 1052 esse
398 1027 512 1056 traditur,
533 1027 715 1057 propellebant,
736 1027 818 1059 magis
838 1026 928 1058 placet,
949 1033 1024 1056 quam
1038 1032 1083 1055 ap-

66 1061 179 1087 ellebant.

46 1069 64 1093 p
116 1095 160 1125 IX,
181 1094 198 1121 9
215 1095 285 1127 (35),
306 1095 347 1121 13.
366 1103 446 1120 omnes
465 1099 621 1126 receperant.
659 1095 744 1126 Vulgo
767 1102 814 1119 non
834 1103 856 1118 r.
895 1094 1008 1125 Ineptum
1019 1092 1082 1116 illud

49 1138 96 1154 non
116 1130 206 1154 mirum
228 1130 253 1154 in
271 1130 373 1154 modum
398 1130 424 1153 Z.
449 1129 569 1161 explicat:
599 1129 691 1160 quippe
710 1134 790 1153 totum
808 1129 893 1153 locum
916 1135 966 1152 non
987 1126 1083 1151 intelle-

49 1165 94 1190 xit.
128 1163 270 1188 Mutzeuius
289 1172 336 1188 non
354 1164 446 1193 omisit,
466 1163 542 1194 quod,
560 1171 637 1194 quum
655 1163 780 1187 interdum
801 1162 864 1187 illud
882 1161 948 1186 male
969 1161 1083 1185 additum

49 1199 74 1223 in
95 1198 223 1222 codicibus
243 1199 292 1227 sit,
311 1197 423 1230 profecto
441 1197 591 1229 reprehendi
610 1198 704 1228 nequit.
741 1197 795 1229 Ego
814 1201 897 1221 tomen
917 1204 974 1221 cum
995 1194 1082 1219 Schef-

50 1233 103 1257 sero
123 1239 170 1256 non
197 1232 222 1256 in
245 1239 326 1256 omnes
350 1232 458 1260 mutavi,
487 1231 554 1262 quod
581 1238 642 1255 sane
667 1231 703 1255 rei
724 1231 1013 1256 accommodatissimum
1035 1235 1081 1253 est.

50 1266 141 1291 Tribus
161 1267 315 1298 argumentis
337 1266 377 1290 vel
403 1266 528 1297 exemplis
556 1265 655 1290 Curtius
677 1266 782 1298 probat,
810 1266 878 1297 quod
903 1265 993 1289 docere
1018 1264 1081 1288 vuit.

49 1300 100 1325 Alii
120 1301 186 1324 enim
207 1301 239 1324 ob
258 1300 445 1325 festinationem
464 1301 553 1330 contis,
578 1308 628 1324 non
648 1300 724 1324 remis
746 1307 824 1324 naves
842 1299 1025 1332 propellebant,
1045 1302 1083 1322 ot-

50 1342 98 1366 que
117 1335 152 1358 ita
171 1335 264 1359 sactum
285 1340 330 1363 est,
350 1339 377 1358 ut
397 1335 568 1359 considerent:
588 1335 631 1358 alii
648 1335 782 1367 enavigare
796 1338 962 1367 properantes
978 1341 1027 1358 non
1039 1340 1083 1357 ex-

49 1369 189 1401 pectabant,
215 1369 294 1393 donec
315 1369 376 1393 satis
397 1373 527 1393 nautarum
546 1369 659 1393 adesset:
681 1377 741 1401 ergo
759 1373 862 1401 propter
875 1368 1005 1400 hominum
1020 1374 1083 1399 pau-

52 1405 152 1428 citatem
177 1402 265 1428 clauda
284 1408 307 1428 et
327 1403 445 1427 inhabilia
464 1404 565 1436 navigia
585 1406 667 1427 erant:
696 1403 738 1427 alii
759 1404 867 1434 denique
887 1411 989 1434 onmes,
1011 1406 1082 1432 quot-

50 1441 110 1468 quot
133 1437 250 1469 ruebant,
279 1439 303 1462 in
330 1445 407 1462 naves
427 1438 568 1462 inconsulte
587 1438 741 1469 recipiebant
761 1442 836 1469 atque
857 1442 962 1470 propter
979 1437 1081 1461 nimiam

48 1471 177 1496 hominum
197 1472 381 1496 multitudinem
406 1471 517 1496 celeriter
536 1473 655 1504 navigare
669 1480 717 1496 non
734 1476 857 1504 poteraut,
895 1472 932 1496 Ex
948 1471 989 1495 his
1005 1477 1082 1502 appa-

48 1510 95 1536 ret,
122 1508 257 1531 inconsulte
280 1514 329 1530 non
351 1507 383 1530 ad
403 1510 511 1536 ruentes,
533 1507 579 1530 sed
601 1507 634 1530 ad
651 1510 802 1537 receperant
824 1507 957 1538 pertinere.

118 1540 161 1572 IX,
182 1540 215 1565 10
235 1539 305 1572 (40),
328 1539 369 1565 16.
398 1548 480 1565 versa.
516 1540 600 1572 Vulgo
621 1542 695 1565 versi.
733 1541 802 1565 Licet
821 1541 923 1571 quidem
944 1541 1026 1565 dicere
1036 1538 1082 1571 (X,

50 1572 65 1599 7
84 1573 154 1605 (22),
176 1574 215 1607 1.)
234 1576 258 1599 in
280 1575 420 1600 sedicionem
440 1583 470 1599 ac
490 1574 640 1599 discordiam
663 1583 738 1599 versa
760 1575 858 1607 concio,
886 1582 934 1599 non
954 1577 1015 1607 puto
1039 1581 1082 1597 au-

50 1612 108 1637 tem,
130 1609 180 1633 dici
197 1616 273 1641 posse
293 1609 361 1634 homo
379 1611 403 1634 in
422 1609 515 1633 rabiem
532 1610 644 1634 vertitur.
683 1609 755 1638 Quod
776 1617 823 1641 ego
843 1609 941 1641 scripsi,
955 1610 979 1633 in
990 1608 1082 1632 rabiem

49 1642 223 1673 desperatione
240 1651 323 1673 versa,
346 1651 449 1675 prorsus
469 1651 538 1668 more
557 1643 633 1668 Curtii
656 1644 747 1668 dictum
772 1648 817 1667 est.
854 1644 897 1669 111,
917 1642 934 1667 8
948 1641 1020 1673 (21),
1039 1641 1074 1667 20

50 1677 74 1700 tn
94 1678 278 1702 sollicitudinem
303 1686 377 1702 versa
397 1679 491 1709 fiducia
515 1683 551 1703 es:
578 1677 581 1680 ’
602 1678 656 1707 VH,
675 1677 691 1702 2
711 1676 763 1709 (7),
784 1677 824 1702 12.
855 1678 887 1708 V,
904 1676 921 1702 3
944 1676 1017 1709 (12),
1038 1675 1081 1701 20.
