1215 1905
126 97 198 126 LIB.
210 97 276 126 VII.
290 95 444 131 CAP.V11‚
455 94 626 125 30—CAP.
638 94 716 129 VIII,
731 98 771 123 15.
788 100 844 133 [vn,
856 103 941 125 ³2-<t-t.
953 100 990 132 z.]
1015 92 1074 123 165

86 173 123 202 ad
146 171 272 207 milites,
299 176 360 201 tum
382 169 510 208 primum
533 174 604 207 post
626 170 735 199 vulnus
751 169 890 207 proxime
904 174 1074 207 acceptum.

58 214 178 245 4Tanta
199 218 264 243 erat
284 213 366 250 apud
388 220 442 242 eos
465 211 620 242 veneratio
641 211 734 248 regis,
761 216 794 241 ut
821 211 911 241 facile
936 211 1072 248 periculi,

87 256 170 293 quod
191 255 370 290 horrebant,
397 253 610 290 cogitationem
631 253 806 290 praesentia
827 253 892 283 eius
909 257 1073 283 excuteret.

57 304 73 328 5
86 297 169 327 Laeti
185 305 258 334 ergo
274 301 304 326 et
319 295 510 326 manantibus
526 294 637 333 gaudio
655 294 785 324 lacrimis
801 296 993 325 consalutant
1005 303 1073 325 eum

56 344 72 370 6
85 344 122 373 et,
140 339 223 376 quod
238 342 308 368 ante
324 341 540 367 recusaverant
552 337 672 372 bellum,
690 337 810 366 seroces
823 337 1005 374 deposcunt.
1022 337 1074 366 Ille

87 389 121 411 se
142 381 258 410 ratibus
281 379 414 416 equitem
437 379 682 416 phalangemque
709 382 981 416 transportaturum
1004 387 1074 408 esse

57 427 72 455 7
86 422 276 460 pronuntiat:
299 429 393 458 super
415 425 497 450 utres
514 420 596 450 iubet
611 429 684 450 nare
699 420 797 451 levius
815 425 958 450 armatos.
986 420 1075 450 Plura

87 473 142 494 nec
158 463 218 494 dici
233 471 283 493 res
306 462 493 492 desideravit
513 470 570 492 nec
592 471 645 491 rex
668 462 770 492 dicere
792 471 848 500 per
868 463 1074 492 valetudinem

57 512 73 537 8
83 506 189 544 potuit.
213 505 350 535 Ceterum
365 508 447 534 tanta
458 505 611 533 alacritate
624 504 749 534 militum
762 509 843 534 rates
858 504 978 534 iunctae
994 509 1074 541 sunt,

84 552 117 577 ut
132 547 162 576 in
178 546 309 577 triduum
324 547 363 576 ad
371 547 423 575 XII
442 546 524 575 milia
541 545 668 576 effectae
684 546 754 576 sint.
783 547 907 583 Iamque
923 547 962 575 ad
978 551 1073 576 trans—

85 590 218 619 eundum
246 589 347 618 omnia
371 592 563 625 aptaverant,
593 596 685 625 quum
707 587 798 625 legati
819 587 1001 626 Scytharum
1021 589 1074 617 XX

84 639 168 661 more
189 631 287 668 gentis
310 638 365 667 per
387 635 488 660 castra
508 630 596 667 equis
619 629 698 660 vecti
720 630 859 659 nuntiare
880 629 984 660 iubent
999 630 1073 667 regi,

56 678 71 704 9
84 673 162 702 veile
178 672 264 710 ipsos
277 673 317 702 ad
333 680 401 702 eum
418 673 559 702 mandata
576 673 718 709 perferre.
742 671 878 701 Admissi
890 671 919 701 in
935 672 1073 702 taberna-

85 716 185 744 culum
201 714 339 752 iussique
355 714 516 744 considere
529 715 558 743 in
572 715 656 744 vultu
671 714 752 750 regis
772 714 941 744 defixerant
955 714 1072 750 oculos,

85 757 193 793 credo,
217 756 288 794 quia
312 756 518 794 magnitudine
534 755 672 793 corporis
695 756 827 785 animum
843 755 1072 786 aestimantibus

47 798 223 828 lomodicus
239 798 360 828 habitus
376 799 614 835 haudquaquam
632 799 728 827 famae
742 806 797 835 par
810 798 978 828 videbatur.
997 798 1072 836 Scy-

84 840 142 870 this
163 844 263 872 autem
285 849 361 876 non,
388 845 420 870 ut
439 841 547 869 ceteris
569 840 723 875 barbaris,
749 840 834 869 rudis
851 844 880 869 et
898 840 1072 869 inconditus

84 889 194 912 sensus
216 886 278 912 est:
306 882 428 919 quidam
450 890 555 911 eorum
576 882 757 919 sapientiam
785 890 895 919 capere
923 882 1072 918 dleuntur,

43 929 74 953 11
85 928 351 961 quantamcunque
366 932 442 961 gens
459 924 540 961 capit
556 932 677 961 semper
693 928 816 953 armata.
860 923 973 960 Sicque
989 925 1071 953 locu-

85 970 132 995 tos
148 974 220 995 esse
235 967 317 1003 apud
333 974 435 1003 regem
453 966 617 996 memoriae
634 966 786 1003 proditum
807 970 862 995 est.
898 966 1073 995 Abhorrent

84 1007 210 1037 forsitan
237 1008 372 1037 moribus
399 1008 512 1037 nostr1s
538 1013 568 1038 et
588 1013 725 1045 tempora
748 1012 776 1038 et
796 1007 918 1045 ingenia
944 1007 1073 1037 cultiora

83 1049 214 1079 sortitis:
242 1051 296 1080 sed
313 1055 344 1080 ut
360 1049 459 1086 possit
481 1050 575 1079 oratio
598 1058 703 1080 eorum
725 1050 845 1087 sperni,
873 1054 971 1080 tamen
994 1049 1072 1079 fides

84 1095 188 1121 nostra
204 1100 264 1121 non
281 1092 385 1121 debet:
404 1100 482 1129 quae
498 1097 654 1128 utcunque
671 1096 741 1122 sunt
756 1091 880 1127 tradita,
896 1091 1073 1128 incorrupta

44 1137 74 1162 12
83 1134 281 1170 perferemus.
327 1133 418 1171 Igitur
439 1143 531 1163 unum
552 1143 592 1164 ex
606 1134 653 1163 his
669 1134 833 1163 maximum
849 1138 920 1163 natu
936 1133 976 1162 ita
990 1134 1072 1162 locu-

83 1178 144 1204 tum
159 1176 350 1213 accepimus:
706 1183 713 1190 ··

158 1216 225 1254 (34)
247 1218 281 1247 Si
297 1219 341 1247 die·
356 1219 485 1247 habitum
502 1219 636 1255 corporis
653 1220 697 1247 tui
707 1219 844 1247 aviditati
860 1219 952 1246 animi
964 1226 1072 1254 parem

81 1268 142 1288 esse
160 1261 327 1294 voluissent,
350 1261 427 1289 orbis
446 1265 472 1289 te
486 1268 543 1290 non
555 1264 676 1297 caperet
684 1271 692 1288 .·
714 1262 810 1289 altera
821 1268 912 1289 manu
923 1261 1071 1295 orientem,

83 1302 179 1330 altera
196 1302 373 1331 occidentem
392 1304 574 1339 contingeres
591 1306 620 1331 et
636 1303 691 1331 hoc
707 1306 856 1331 assecutus
879 1303 957 1331 scire
975 1303 1071 1337 vella,

45 1346 76 1372 13
82 1343 133 1372 ubi
141 1345 216 1372 tanti
226 1345 352 1373 numinis
361 1344 466 1381 [αἶθον
477 1345 662 1374 conderetur.
696 1344 746 1374 Sic
757 1352 870 1381 quoque
881 1345 1071 1380 concupiscis,

83 1393 158 1420 quae
169 1393 226 1414 non
237 1387 329 1422 capis.
364 1387 407 1415 ΑΖ)
420 1387 542 1422 Europa
552 1388 628 1422 petis
638 1386 756 1415 Asiam.-
777 1395 817 1415 εκ
831 1386 902 1415 Λεία
921 1387 1030 1415 transis
1042 1387 1072 1413 in

82 1426 252 1463 Europam:
265 1428 380 1459 deinde,
393 1429 419 1456 si
430 1428 590 1456 humanum
599 1436 693 1464 yenns
704 1436 788 1457 omne
798 1429 994 1464 superaveris,
1007 1435 1072 1456 cum

81 1468 160 1496 silvis
176 1472 204 1497 et
214 1470 325 1498 nivibus
342 1473 369 1498 el
383 1470 555 1504 fluminibus
569 1470 703 1506 serisque
714 1470 810 1499 bestiis
818 1473 956 1505 yesturus
966 1478 997 1498 es
1008 1470 1072 1498 bel-

46 1510 152 1538 l-llum.
176 1509 273 1544 Quid?
295 1514 324 1539 tu
337 1512 471 1546 iqnoras,
496 1512 616 1540 arbores
631 1520 756 1547 maanus
774 1511 825 1539 diu
843 1520 988 1546 crescere,
1011 1519 1073 1539 unu

80 1551 156 1580 hora
167 1550 339 1588 extirpari?
361 1552 473 1582 Stultus
483 1557 538 1587 est,
557 1555 608 1589 qui
614 1553 733 1588 fructus
745 1561 848 1582 earum
860 1557 986 1589 spectat,
999 1554 1071 1582 alli-

82 1593 212 1622 tudinem
225 1602 281 1623 non
294 1595 418 1623 metitur.
450 1595 534 1629 Vide,
553 1604 604 1629 ne,
624 1596 693 1623 dum
712 1595 754 1623 ad
764 1603 906 1624 cacumen
915 1596 1072 1632 pervenire

82 1636 246 1669 contendes,
265 1645 330 1665 cum
348 1637 418 1672 ipsis
435 1638 541 1671 ramis,
560 1645 630 1673 quos
647 1637 917 1673 comprehenderis,
941 1637 1071 1666 decidas.

45 1675 139 1705 15Leo
159 1685 272 1713 quoque
295 1679 457 1714 aliquando
479 1680 665 1707 minimarum
685 1680 781 1707 avium
790 1679 934 1715 pabulum
945 1678 1022 1714 fuit,
1045 1682 1073 1707 et

81 1717 198 1753 ferrum
210 1720 313 1755 rzaehiqo
324 1722 473 1749 consumz'l.
518 1721 601 1749 Nihil
611 1724 668 1749 tam
679 1722 746 1756 firm
752 1729 797 1749 um
809 1724 863 1754 est,
888 1722 939 1750 cm*
946 1722 1070 1758 pericu-
