1215 1905
160 129 223 160 210
502 129 535 164 Q.
558 128 712 158 CURTII
734 129 843 157 RUFI

159 204 333 233 Alexander
348 203 490 239 expedito
506 211 541 232 ac
563 203 621 232 levi
643 202 761 239 agmine
783 207 904 231 strenue
926 202 1061 232 invectus
1082 207 1139 232 est.

163 245 295 281 Scythae
311 248 340 273 et
355 243 457 272 Dahae
474 243 560 280 primi
575 243 707 273 omnium
722 244 862 272 invasere
884 244 991 272 Indos:
1019 243 1139 272 Perdic-

162 294 228 314 cam
243 285 351 314 deinde
368 293 434 313 cum
450 284 600 321 equitibus
616 284 646 313 in
662 285 799 314 dextrum
815 292 908 313 cornu
924 283 1053 313 hostium
1069 284 1139 313 emi-

162 327 209 355 sit.
251 327 311 354 Iam
326 325 461 362 undique
477 333 578 362 pugna
593 334 627 355 se
642 330 786 361 moverat,
809 334 900 361 quum
916 325 955 360 hi,
972 324 1023 361 qui
1038 333 1142 354 currus
1152 329 1170 355 6

162 367 301 403 agebant,
317 366 389 395 illud
404 366 538 396 ultimum
554 366 697 396 auxilium
714 375 837 395 suorum
857 366 913 395 rati
928 365 1034 395 effusis
1049 366 1140 395 habe-

162 409 209 437 nis
238 409 267 436 in
293 408 425 436 medium
451 407 612 436 discrimen
637 415 725 436 ruere
747 412 921 443 coeperunt.
964 408 1088 443 Anceps
1111 406 1141 435 id
1153 410 1170 437 7

162 450 272 479 malum
294 448 430 485 utrisque
451 453 528 478 erat:
553 457 622 477 nam
644 453 674 478 et
693 449 889 477 Macedonum
906 448 1024 484 pedites
1046 447 1142 484 primo

162 490 276 526 impetu
301 490 515 519 obterebantur
538 494 568 519 et
593 498 648 526 per
668 489 782 519 lubrica
802 494 893 525 atque
913 489 995 518 invia
1016 488 1141 517 immissi

163 540 270 560 currus
287 531 477 560 excutiebant
491 539 555 566 eos,
571 539 588 560 a
604 531 714 567 quibus
729 531 923 566 regebantur:
939 529 1064 559 aliorum
1082 533 1141 558 tur·
1153 534 1172 560 8

162 573 223 602 bati
239 572 309 608 equi
325 581 385 601 non
401 572 429 601 in
447 573 608 609 voragines
623 573 712 601 modo
729 573 924 607 lamnasque,
941 571 996 600 sed
1012 571 1100 600 etiam
1111 570 1141 599 in

162 622 279 644 amnem
295 613 533 650 praecipitavere
556 613 718 642 curricula:
748 612 836 648 pauci
857 612 923 641 telis
945 612 1075 641 hostium
1091 616 1171 642 ex-9

163 655 221 684 acti
238 659 434 690 penetravere
450 655 487 682 ad
503 655 611 683 Porum
626 653 772 683 acerrime
787 662 920 690 pugnam
936 653 1073 682 cientem.

245 695 311 731 (48)
334 696 370 727 Is,
388 699 419 724 ut
435 695 601 731 dissipatos
616 699 678 724 tota
693 694 758 723 acie
774 703 880 724 currus
896 694 998 730 vagari
1013 693 1079 723 sine
1095 702 1141 723 re-

164 737 297 765 ctoribus
317 736 404 771 vidit,
431 736 576 772 proximis
598 735 762 764 amicorum
784 735 933 765 distribuit
954 735 1141 772 elephantos.

160 779 234 807 Post
255 786 308 806 eos
330 782 476 813 posuerat
490 777 622 814 peditem
637 785 673 805 ac
689 776 859 813 sagittarios
875 781 904 806 et
918 781 1062 814 tympana
1077 777 1142 812 pul-
1150 781 1183 806 10

164 827 231 847 sare
248 818 363 847 solitos.
405 819 437 846 Id
454 826 507 854 pro
526 823 615 847 cantu
630 818 767 847 tubarum
781 818 863 846 Indis
885 822 962 852 erat,
988 826 1044 846 nec
1066 822 1139 846 stre-

163 860 226 896 pitu
251 867 355 888 eorum
381 859 592 892 movebantur,
619 859 689 887 olim
709 859 748 887 ad
770 863 873 888 notum
895 867 1002 888 sonum
1017 858 1141 887 auribus

164 900 314 936 mitigatis.
356 899 495 928 Herculis
511 899 703 928 simulacrum
718 899 828 935 agmini
843 900 976 936 peditum
992 900 1141 935 praefere-
1152 902 1182 927 11

163 942 257 970 batur.
301 941 333 969 Id
350 940 510 969 maximum
527 945 590 970 erat
607 940 787 970 bellantibus
803 940 1033 975 incitamentum,
1050 945 1079 969 et
1090 941 1141 969 de-

164 982 298 1012 seruisse
320 986 474 1017 gestantes
497 982 620 1010 militare
640 981 785 1018 flagitium
805 982 979 1010 habebatur.
1030 980 1165 1017 Capitisl
1213 1014 1215 1020 χ

163 1023 252 1052 etiam
268 1027 432 1052 sanxerant
448 1031 576 1059 poenam
591 1022 652 1057 his,
673 1022 724 1059 qui
739 1031 777 1051 ex
793 1022 858 1051 acie
873 1031 932 1051 non
948 1022 1141 1056 rettulissent,

164 1069 260 1098 metu,
278 1072 367 1100 quem
384 1072 422 1093 ex
437 1063 486 1093 illo
504 1064 590 1093 hoste
608 1065 759 1100 quondam
775 1067 993 1100 conceperant,
1008 1063 1097 1092 etiam
1112 1063 1142 1092 in

164 1105 338 1142 religionem
362 1105 648 1141 venerationemque
674 1113 834 1134 converso.
875 1104 1057 1134 Macedonas
1081 1112 1142 1133 non

163 1147 318 1175 beluarum
334 1147 440 1180 modo,
464 1147 519 1175 sed
541 1147 629 1175 etiam
644 1145 740 1182 ipsius
754 1146 836 1183 regiS
857 1150 1000 1182 aspectus
1023 1153 1141 1182 parum-

165 1196 219 1224 per
244 1188 380 1217 inhibuit.
423 1188 535 1217 Beluae
562 1187 729 1224 dispositae
755 1187 832 1216 inter
856 1191 988 1216 armatos
1010 1186 1143 1223 speciem
1152 1189 1182 1216 1³

163 1229 286 1258 turrium
302 1230 408 1265 procul
426 1229 565 1258 fecerant.
608 1230 679 1265 Ipse
691 1229 786 1258 Porus
802 1229 950 1257 humanae
965 1227 1141 1264 magnitudi-

163 1270 210 1299 nis
232 1271 452 1306 propemodum
479 1274 653 1299 excesserat
679 1271 812 1298 sormam.
854 1268 1051 1305 Magnitudini
1075 1268 1143 1297 Pori

163 1311 295 1340 adiicere
311 1311 469 1340 videbatur
484 1312 588 1347 belua,
604 1319 664 1347 qua
679 1311 858 1345 vehebatur,
874 1314 987 1339 tantum
1003 1310 1079 1338 inter
1093 1317 1141 1338 ce—
1208 1342 1215 1350 ν

164 1358 244 1382 teras
261 1353 410 1387 eminens,
435 1356 545 1388 quanto
561 1352 628 1381 aliis
644 1352 710 1388 ipse
726 1351 907 1387 praestabat.
949 1352 1054 1387 Itaque
1073 1350 1143 1379 Ale-
1152 1353 1180 1380 14
1207 1351 1215 1365 ‘³

164 1395 279 1423 xander
294 1394 514 1429 contemplatus
529 1397 558 1422 et
573 1401 673 1429 regem
688 1397 717 1421 et
728 1392 993 1428 agmenlndorum,
1005 1392 1141 1425 Tandem,

165 1435 269 1471 inquit⁷
279 1444 343 1472 par
354 1437 449 1463 animo
466 1442 527 1463 meo
540 1436 705 1471 periculum
723 1435 812 1463 video,
856 1434 925 1462 Cum
944 1434 1039 1462 bestiis
1058 1434 1143 1461 simul

162 1482 190 1505 el
209 1484 274 1505 cum
295 1478 419 1511 eyreffiis
441 1477 511 1504 viris
530 1484 578 1504 res
599 1479 648 1504 est.
687 1476 872 1509 Intuensque
888 1474 1025 1507 Coenon,
1054 1474 1143 1507 Quum
1152 1477 1178 1502 le

162 1526 223 1553 cao,
245 1517 350 1553 inquit,
362 1518 524 1546 Ptolemaeo
536 1517 736 1552 Perdiccaque
753 1520 780 1544 et
791 1516 1002 1552 Hephaestione
1018 1516 1141 1544 comita-

163 1564 208 1587 tus
225 1560 256 1587 in
273 1561 385 1587 laevum
397 1559 518 1587 hostiwn
535 1567 626 1587 cornu
641 1560 776 1594 impetum
791 1558 901 1592 fecero,
920 1557 1082 1591 viderisque
1097 1563 1143 1583 me

162 1601 193 1628 in
210 1600 304 1627 medio
322 1600 430 1628 ardore
446 1601 627 1633 certaminis,
644 1600 706 1635 ipse
724 1600 859 1627 dextrum
880 1606 960 1626 move
977 1600 1005 1625 et
1021 1597 1142 1625 turbatis

161 1642 248 1674 siano
262 1640 351 1674 inser.
396 1640 446 1673 Tu,
459 1639 607 1675 Αηίῖθέηε,
624 1644 652 1668 et
662 1643 700 1674 tit,
714 1640 868 1672 Leonnate,
886 1642 914 1667 et
927 1638 1051 1671 Tauron,
1064 1639 1141 1666 inve-

162 1682 273 1709 hemini
286 1682 316 1709 in
331 1682 456 1709 mediam
475 1683 567 1710 aciem
584 1684 612 1709 et
627 1681 764 1716 ztrqebitis
777 1681 913 1715 frontem.
941 1679 1052 1707 Hastae
1070 1686 1140 1707 nos-
1151 1682 1176 1707 le

161 1728 228 1751 trae
241 1724 423 1759 praelongae
445 1727 473 1750 et
488 1723 605 1751 validae
623 1730 678 1750 non
697 1723 772 1750 alias
788 1722 881 1757 mayis
897 1728 983 1756 quam
1002 1720 1141 1748 adversus
