1215 1905
163 97 222 127 143
503 97 844 133 Q CURT11RUF1

162 172 258 207 dedit,
284 176 314 201 et
334 171 434 208 ipsum
455 171 641 201 Parmenioni
659 173 811 209 quondam
826 173 929 203 intima
945 174 1142 206 familiaritate

163 213 366 243 coniunctum.
407 213 482 242 Fere
498 213 588 242 iidem
604 218 703 250 erant,
727 222 805 251 quos
817 214 952 252 alioquin
965 224 1020 245 rex
1032 217 1185 248 habue-36

163 259 207 284 rat
222 254 352 290 invisos,
376 259 404 284 et
420 254 470 291 qui
493 256 568 284 sorte
586 255 715 285 taedium
731 255 842 285 laboris
859 265 914 293 per
929 257 1042 287 litteras
1058 264 1144 289 erant

163 296 272 334 questi.
286 297 359 326 Nam
368 305 458 332 quum
468 297 600 333 experiri
607 297 829 327 velletmilitum
842 297 969 334 animos,
978 300 1142 336 admonuit,

163 338 214 376 qui
230 338 343 368 litteras
359 337 387 367 in
404 338 613 368 Macedoniam
629 339 667 367 ad
683 347 757 368 suos
774 339 964 376 scripsisset,
981 340 1043 377 his,
1062 350 1140 378 quos

162 380 229 417 ipse
241 380 383 415 mittebat,
400 379 560 416 perlaturis
577 388 643 409 cum
656 380 725 416 fide,
741 381 880 410 traderet.
906 381 1089 418 Simpliciter
1103 384 1143 412 ad

163 421 356 451 necessarios
373 430 447 450 suos
464 421 594 458 quisque
611 421 783 458 scripserat,
800 431 878 459 quae
895 424 1058 454 sentiebat:
1074 424 1141 454 aliis

161 463 263 500 gravis
279 467 351 498 erat,
367 462 522 500 plerisque
539 472 598 493 non
613 463 729 500 ingrata
744 463 856 493 militia.
888 465 931 494 Ita
946 469 975 494 et
990 466 1182 502 agentium37

161 505 272 542 gratias
288 509 317 534 et
333 506 520 541 querentium
537 505 652 535 litterae
668 509 816 542 exceptae
838 510 916 535 sunt.
957 507 1042 536 Hane
1057 516 1141 537 seor-

161 555 213 576 sus
240 546 393 576 cohortem
415 556 432 575 a
454 547 561 576 ceteris
583 547 706 576 tendere
728 547 910 583 ignominiae
936 556 1030 578 causa
1049 548 1140 584 iubet,

161 588 335 618 fortitudine
351 597 462 618 usurus
480 589 507 617 in
523 589 617 624 bello,
641 588 807 618 libertatem
828 589 949 626 linguae
964 591 1001 619 ab
1017 590 1140 620 auribus

160 630 292 659 ciedulis
304 635 484 660 remoturus.
506 631 542 659 Et
563 630 737 666 consilium,
751 631 941 660 temerarium
955 632 1089 668 forsitan,
1100 649 1142 655 —

161 672 275 708 qqupe
292 671 446 701 fortissimi
461 672 588 702 iuvenes
602 672 783 701 contumelia
794 672 899 702 irritati
912 677 1004 707 erant,
1015 691 1051 694 —
1063 673 1142 703 sicut

160 713 261 742 onmia
276 713 343 749 alia,
357 713 483 743 felicitas
495 713 576 751 regis
588 713 718 750 excepit.
741 713 817 742 Nihil
830 713 888 743 illis
900 715 939 743 ad
950 715 1030 744 bella
1042 723 1141 752 prom·
1149 720 1181 746 313

161 755 240 791 ptius
257 754 319 784 fuit.
350 755 494 785 Incitabat
510 755 647 785 virtutem
663 760 693 785 et
707 755 889 792 ignominiae
905 756 1072 785 demendae
1090 765 1140 786 eu·
1170 776 1171 779 =

162 797 232 833 pido
249 801 278 826 et
294 796 365 833 quia
381 797 467 826 sortia
484 798 561 826 sucta
576 797 604 826 in
621 797 727 834 paucis
745 798 836 826 latere
854 806 912 827 non
930 802 1080 834 poterant.

586 865 678 894 CAP.
701 866 749 893 111.

239 924 305 959 (ll)
334 923 387 954 His
409 923 449 953 ita
468 924 660 961 compositis,
684 925 873 959 Alexander,
901 925 985 954 Aria-
1037 944 1064 961 Α,
1080 943 1117 963 3³⁰
1155 930 1164 954 1

159 974 264 995 norum
288 970 409 1003 satrape
431 966 607 999 constituto,
630 966 686 995 iter
702 966 888 1002 pronuntiari
903 966 986 996 iubet
1013 967 1123 1013 *baffia-⁰²²

160 1007 186 1036 in
202 1007 392 1044 Arimaspos,
409 1016 487 1044 quos
504 1007 560 1036 iam
577 1012 647 1037 tunc
663 1012 775 1037 mutato
793 1007 914 1037 nomine
926 1008 983 1036 Eu·
1023 1017 1118 1038 Octobri.

158 1048 277 1085 ergetas
303 1049 511 1086 appellabant,
541 1058 579 1078 ex
607 1059 666 1086 quo
689 1049 800 1086 frigore
824 1049 985 1086 victusque
1005 1041 1039 1062 ⁰¹*
1056 1044 1100 1067 ¹¹²
1120 1044 1139 1063 ³¹

157 1091 284 1128 penuria
298 1090 367 1128 Cyri
382 1090 547 1120 exercitum
561 1091 702 1120 affectum
717 1091 804 1120 tectis
821 1095 851 1120 et
866 1090 1084 1120 commeatibus
1097 1091 1140 1120 iu-

158 1137 271 1162 verant.
293 1132 420 1168 Quintus
436 1133 501 1162 dies
518 1138 589 1167 erat,
604 1137 635 1162 ut
651 1133 680 1161 in
697 1141 763 1162 eam
780 1133 936 1169 regionem
949 1136 1140 1169 pervenerat.
1154 1136 1169 1161 *z

158 1174 336 1210 Cognoscit,
354 1174 592 1209 Satibarzanem,
616 1174 666 1211 qui
683 1176 721 1204 ad
737 1176 867 1204 Bessum
883 1175 1050 1210 defecerat,
1074 1182 1141 1204 cum

157 1216 292 1252 equitum
310 1224 399 1245 manu
416 1216 562 1252 irrupisse
579 1225 684 1245 rursus
700 1216 729 1245 in
746 1218 847 1246 Arios.
872 1217 976 1253 ltaque
993 1215 1140 1245 Caranum

158 1262 185 1286 et
207 1257 361 1295 Erigyium
383 1266 450 1286 eum
472 1258 623 1287 Artabazo
643 1262 672 1287 et
692 1259 869 1287 Andronico
893 1262 922 1287 et
944 1266 999 1286 sex
1022 1257 1140 1287 milibus

156 1299 339 1328 Graecorum
356 1299 489 1335 peditum
506 1299 519 1317 *¹
532 1299 561 1326 *z
579 1299 626 1328 DC
639 1299 758 1335 equites
771 1300 986 1335 sequebantur.
1009 1299 1079 1335 Ipse
1093 1299 1141 1328 LX
1153 1303 1168 1329 3

156 1340 263 1369 diebus
279 1345 399 1377 gentem
419 1341 634 1377 Euergetarum
652 1340 811 1374 ordinavit,
830 1348 938 1376 magna
956 1341 1085 1377 pecunia
1102 1341 1140 1370 ob

155 1381 307 1418 egregiam
323 1382 353 1411 in
370 1382 479 1420 Cyrum
497 1382 586 1411 fidem
603 1383 724 1411 donata.

236 1423 351 1453 Relicto
367 1423 493 1459 deinde,
513 1424 563 1460 qui
581 1424 616 1453 iis
634 1428 806 1460 praeesset,
823 1424 973 1453 Amedine
1027 1431 1053 1449 A,
1075 1430 1112 1450 sio
1154 1430 1168 1452 4

155 1464 270 1499 (scriba
286 1465 311 1494 is
328 1465 416 1494 Darei
432 1466 550 1501 fuerat),
566 1465 764 1500 Arachosios,
782 1474 910 1501 quorum
927 1474 972 1494 re·
1006 1454 1117 1499 *22¹5ssss

155 1507 204 1542 gio
219 1507 257 1535 ad
265 1506 419 1536 Ponticum
434 1516 514 1535 mare
528 1507 665 1544 pertinet,
679 1506 807 1543 subegit.
832 1506 874 1535 Ibi
887 1515 974 1535 exer·
1019 1504 1120 1549 ξῐξθζηξξθ

155 1548 242 1582 citus,
261 1548 312 1584 qui
328 1549 384 1578 sub
400 1549 595 1577 Parmenione
612 1550 716 1582 suerat,
735 1548 874 1577 occurrit.
913 1549 975 1577 Sex
995 1553 1029 1573 01.
1050 1555 1099 1577 ¹1²,
1120 1554 1138 1573 3-

156 1589 236 1618 milia
261 1589 461 1619 Macedonum
484 1595 569 1619 erant
591 1594 619 1619 et
641 1590 686 1619 CC
708 1589 826 1619 nobiles
853 1593 882 1618 et
909 1589 1044 1625 quinque
1061 1588 1141 1617 milia

156 1631 338 1660 Graecorum
355 1639 422 1660 cum
438 1631 591 1668 equitibus
608 1631 671 1667 DC,
687 1632 767 1660 haud
789 1630 879 1660 dubie
901 1631 993 1659 robur
1008 1630 1140 1659 omnium

156 1672 262 1701 virium
280 1673 368 1709 regis.
394 1673 571 1702 Arachosiis
588 1674 677 1702 datus
692 1673 802 1701 Menon
819 1676 948 1708 praetor,
967 1672 1007 1700 lv
1021 1671 1164 1701 milibusa

156 1714 289 1750 peditum
307 1718 335 1743 et
352 1714 398 1743 DC
414 1714 566 1750 equitibus
583 1714 610 1742 in
628 1713 812 1750 praesidium
828 1712 950 1742 relictis.
