1215 1905
219 79 288 108 [AB.
303 79 339 108 X.
363 78 444 107 CAP.
461 79 497 112 V,
513 82 546 107 23
560 95 589 97 -
603 77 686 106 CAP.
701 77 752 112 vl,
767 80 794 107 8.
811 86 848 113 [3,
866 87 946 107 17-19.
958 86 996 113 z.]
1062 75 1122 105 261

90 159 225 192 sepetua
247 154 389 184 felicitate
412 153 565 191 protexit?
607 152 697 182 Vitae
723 160 847 190 quoque
876 153 967 182 finem
993 152 1123 181 eundem

132 196 174 226 illi
202 205 291 234 quem
317 195 433 232 gloriae
459 195 569 225 statuit.
614 195 826 231 Expectaxere
849 202 918 223 eum
940 194 1015 230 lata,
1042 194 1124 227 dum,

134 237 250 268 oriente
273 237 443 275 perdomito
465 237 611 274 aditoque
633 235 770 270 Oceano,
796 235 942 272 quicquid
957 235 1124 265 mortalitas

90 279 280 316 37capiebat,
296 279 443 316 impleret.
486 278 562 308 HuIc
579 278 643 315 regi
665 278 798 314 ducique
814 285 980 307 successor
997 285 1124 315 quaere-

134 322 234 351 batur:
263 321 318 351 sed
334 321 430 350 maior
450 321 548 350 moles
570 324 642 354 erat,
670 328 760 356 (guam
776 323 808 348 ut
830 327 909 348 unus
932 318 1034 349 subire
1058 327 1124 348 eam

135 368 252 400 posset.
296 364 402 399 ltaque
418 370 527 392 nomen
546 369 671 398 quoque
686 361 754 391 eius
775 365 805 391 et
826 361 905 390 sama
919 369 1018 391 rerum
1034 360 1064 390 in
1081 366 1124 390 to-

134 410 196 434 tum
212 405 435 442 propemodum
451 405 555 434 orbem
570 411 660 440 reges
675 411 710 433 ac
726 411 821 441 regna
840 402 973 437 diffudit,
992 402 1124 432 clarissi—

134 446 236 483 mique
249 451 320 476 sunt
331 446 433 482 habiti,
447 445 498 482 qni
513 445 602 474 etiam
619 444 759 474 minimae
776 444 853 482 parti
868 449 969 474 tantae
986 446 1124 475 fortunae

134 488 349 518 adhaeserunt.

523 553 616 582 CAP.
644 555 694 582 Vl.

106 620 119 644 1
216 613 283 648 (19)
306 613 443 643 Ceterum
466 614 620 651 Babylone
645 613 729 649 (inde
756 612 835 643 enim
861 612 990 643 devertit
1015 612 1125 647 oratio)

135 655 275 692 corporis
291 654 358 684 eius
375 656 519 685 custodes
535 655 565 684 in
582 655 695 691 regiam
712 654 867 692 principes
889 654 1055 685 amicorum
1070 654 1125 684 du-

135 705 251 734 cesque
267 696 424 733 copiarum
439 697 641 726 advocavere.
686 696 798 726 Secuta
819 701 866 727 est
887 696 1014 726 militum
1039 696 1126 726 turba

135 738 321 776 cupientium
337 739 425 774 scire,
446 739 476 768 in
494 747 584 775 quem
599 738 766 768 Alexandri
782 739 902 768 fortuna
923 742 1007 768 esset
1028 742 1125 768 trans-

104 780 219 811 2itura.
262 780 347 810 Multi
363 781 458 810 duces
475 780 645 818 frequentia
660 780 786 810 militum
807 779 925 810 exclusi
946 779 1061 818 regiam
1082 779 1126 809 in<

132 826 212 852 trare
228 830 288 851 non
304 826 454 858 poterant,
471 830 564 858 quum
580 830 701 858 praeco,
719 822 868 859 exceptis,
886 822 938 859 qui
950 821 1127 852 nominatim

133 863 306 898 citarentur,
323 863 407 892 adire
424 863 608 900 prohiberet.
649 863 711 892 Sed
727 864 900 900 precarium
925 864 1127 900 spernebatur

104 910 121 936 3
134 904 303 942 imperium.
342 906 387 933 Ac
403 905 532 942 primum
549 904 678 934 eiulatus
694 904 802 942 ingens
818 906 1021 942 ploratusque
1035 913 1125 935 reno-

134 951 222 976 vatus
237 951 298 976 est:
325 946 437 976 deinde
453 947 543 976 futuri
558 946 748 983 expectatio,
770 946 906 977 inhibitis
921 947 1070 982 lacrimis,
1086 946 1125 976 si-

105 988 256 1019 4lentium
274 987 352 1018 fecit.
396 989 470 1017 Tum
492 988 652 1023 Perdicca,
673 987 758 1025 regia
781 989 857 1020 sdla
872 989 901 1018 in
924 993 1125 1026 conspectum

123 1027 216 1067 ‘vulgi
234 1031 318 1065 data,
340 1030 370 1058 in
387 1038 448 1066 qua
464 1030 604 1059 diadema
618 1029 778 1067 vestisque
799 1030 966 1060 Alexandri
988 1039 1057 1060 eum
1078 1038 1126 1059 ar-

133 1072 189 1101 mis
206 1076 305 1107 erant,
327 1072 451 1101 anulum
471 1071 529 1101 sibi
550 1071 649 1108 pridie
671 1072 812 1101 traditum
833 1080 852 1101 a
872 1081 945 1110 rege
965 1072 996 1101 in
1018 1072 1126 1102 eadem

134 1114 210 1143 sede
225 1113 342 1150 posuit:
372 1121 500 1150 quorum
517 1118 646 1150 aspectu
661 1122 768 1143 rursus
785 1114 910 1143 obortae
927 1114 1068 1143 omnibus
1083 1114 1125 1143 la-

104 1161 120 1185 5
134 1155 245 1185 crimae
261 1155 450 1191 integravere
466 1156 588 1184 luctum.
628 1155 665 1184 Et
679 1155 833 1191 Perdicca,
854 1157 919 1193 Eyo
939 1157 1065 1193 quidem,
1081 1155 1125 1184 in-

135 1197 213 1233 quit,
236 1198 369 1232 anulum,
391 1205 448 1234 quo
468 1198 518 1226 ille
537 1199 625 1233 requi
638 1201 724 1234 atque
739 1199 857 1234 imperii
877 1200 952 1227 vtces
971 1199 1126 1234 obsignare

105 1243 198 1269 flerat
218 1241 330 1273 solitus,
357 1239 498 1268 traditum
519 1240 557 1268 ab
577 1241 640 1276 ipso
661 1240 734 1268 mihi
751 1240 846 1269 reddo
866 1241 951 1270 vobis.
994 1240 1126 1269 Ceterum

134 1289 311 1317 quamquam
326 1282 411 1310 nulla
425 1282 526 1310 clades
540 1281 616 1315 huic,
633 1289 692 1317 qua
707 1281 809 1316 affecti
821 1290 927 1317 sumus,
936 1290 1000 1319 par
1011 1282 1047 1310 ab
1058 1283 1126 1310 ira-

136 1324 171 1351 tis
186 1323 242 1351 diis
262 1324 428 1358 excogitari
436 1327 537 1359 potest,
561 1327 657 1352 tamen
673 1323 902 1359 maqnitudmem
923 1332 1032 1359 rerum,
1052 1331 1127 1359 quus

132 1366 198 1400 cyil,
215 1365 389 1394 intuentibus
403 1365 525 1393 credere
539 1366 612 1396 licet,
635 1368 746 1394 lantum
768 1366 863 1394 virum
878 1366 946 1395 deos
960 1372 1127 1394 accommo-

134 1407 221 1435 dasse
235 1407 322 1435 rebus
337 1407 482 1435 humanis.
497 1415 624 1442 quarum
638 1411 714 1436 sorte
729 1409 872 1444 completa
887 1409 942 1436 cito
962 1409 1129 1444 repeterent

106 1453 121 1480 7
135 1456 200 1477 eum
214 1456 286 1477 suae
300 1450 395 1484 stirpi.
425 1449 555 1477 Proinde
577 1449 713 1485 quoniam
729 1449 803 1478 nihil
817 1450 903 1478 aliud
916 1458 955 1478 ex
969 1456 1003 1478 eo
1016 1457 1127 1485 super-

133 1494 182 1525 est,
199 1498 287 1526 quam
302 1490 382 1526 quod
394 1498 510 1527 semper
524 1491 562 1519 ab
582 1492 801 1520 immortalitate
820 1492 985 1526 seducitur,
1008 1490 1130 1527 corpor}

133 1532 299 1568 hominique
313 1540 401 1568 quam
417 1534 548 1568 primum
563 1534 639 1561 iusta
652 1534 806 1567 solvamus,
822 1533 907 1562 haud
919 1534 1006 1568 obliti,
1021 1541 1052 1562 m
1067 1540 1127 1569 qua

104 1578 121 1605 8
132 1574 213 1608 urbe,
229 1575 304 1603 inter
319 1582 390 1610 quos
403 1575 501 1609 simus,
517 1576 600 1610 quale·
610 1575 750 1611 praeside
765 1583 802 1604 ac
813 1583 883 1611 reye
894 1576 1019 1612 spoliati.
1046 1574 1125 1603 Tra-

131 1616 271 1644 ctandum
300 1619 350 1650 est,
379 1617 599 1650 commilitones,
627 1617 887 1653 cogitandumque,
916 1620 950 1646 ut
975 1618 1127 1646 victoriam

128 1662 250 1694 partam
273 1659 349 1686 inter
367 1658 432 1692 hos,
456 1659 493 1687 de
515 1658 618 1694 quibus
634 1662 728 1694 parta
752 1662 808 1693 est,
831 1659 958 1688 obtinere
971 1660 1126 1696 possimus.

134 1699 234 1736 Capite
248 1707 322 1736 opus
341 1704 398 1729 est.-
424 1700 527 1730 hocine
540 1707 606 1736 uno,
622 1708 662 1728 cm
671 1701 818 1736 pluribus,
835 1702 864 1730 in
881 1704 976 1730 vestra
987 1704 1128 1738 potestate
