1215 1905
222 95 294 124 LIB.
311 95 360 124 lx.
383 94 464 124 CAP.
484 95 533 129 IV,
549 98 652 124 6—25.
673 104 723 130 nx,
743 104 824 125 14-11.
847 103 886 130 z.1
1006 91 1068 122 225

82 171 141 200 iam
164 171 325 201 defunctos
348 179 382 200 se
403 178 474 200 esse
500 169 705 203 crediderant,
733 174 895 207 postquam
920 168 1068 205 integrum

81 212 192 242 bellum
205 220 271 242 cum
287 211 484 242 ferocissimis
498 211 601 240 Indiae
617 212 757 248 gentibus
773 219 939 248 superesse
955 218 1068 247 cogno—

83 259 205 289 verunt,
231 253 397 290 improviso
424 257 504 282 metu
527 253 619 282 territi
640 262 745 282 rursus
768 252 924 282 seditiosis
941 252 1069 282 vocibus

42 299 73 326 17
82 303 183 332 regem
200 295 359 331 increpare
374 299 557 331 coeperunt:
578 294 701 332 Gangen
719 303 836 324 amnem
852 299 882 324 et
898 302 977 331 quae
993 294 1070 323 ultra

83 341 188 366 essent
204 340 342 366 coactum
357 336 558 366 transmittere
580 345 638 365 non
658 341 754 366 tamen
777 337 897 368 finisse,
926 336 981 365 sed
1005 344 1069 364 mu-

84 383 167 407 tasse
183 379 302 407 bellum.
332 377 488 407 Indomitis
504 377 644 413 gentibus
660 387 694 407 se
710 377 856 409 obiectos,
875 382 906 406 ut
921 377 1070 414 sanguine

42 424 138 450 183110
161 420 314 456 aperirent
335 421 361 448 ei
384 419 545 448 Oeeainum⁴
588 420 676 448 Tralli
699 425 784 448 extra
800 419 901 448 sidera
922 424 952 448 et
973 420 1067 448 solem

84 462 215 498 cogique
236 461 334 495 adire,
362 469 440 497 quae
460 460 629 490 mortalium
646 461 742 491 oculis
760 466 866 490 natura
881 460 1068 490 subduxerit.

83 503 177 532 Novis
198 502 361 532 identidem
384 502 474 531 armis
498 511 596 532 novos
618 502 722 532 hostes
750 503 892 531 existere.
936 502 1019 537 Quos
1039 505 1071 531 ut

83 552 190 574 omnes
207 544 333 573 fundant
349 545 527 580 legemque,
545 544 627 580 quod
643 544 809 580 praemium
825 544 911 580 ipsos
927 547 1071 572 manere?

85 586 243 622 caliginem
265 593 301 615 ae
319 586 460 615 tenebras
479 590 508 615 et
529 590 705 622 perpetuam
723 590 841 615 noctem
858 585 1009 621 profundo
1027 585 1069 613 111-

83 628 243 657 cubantem
269 628 359 662 mari,
385 628 533 664 repletum
558 627 730 657 immanium
753 628 909 656 beluarum
926 627 1068 663 gregibus

85 670 208 704 fretum,
231 669 400 699 immobiles
423 669 536 705 undas,
557 669 587 698 in
604 669 714 706 quibus
730 668 880 698 emoriens
898 673 1003 698 natura
1019 668 1068 697 de-

86 711 199 740 feeerit.

42 756 74 782 19
162 753 229 782 Rex
245 761 304 782 non
328 760 398 787 sua,
422 753 477 781 sed
492 752 616 782 militum
634 752 836 782 sollieitudine
852 752 977 788 anxius,
999 760 1069 781 con-

85 794 173 823 cione
189 794 347 828 advocata,
367 793 466 829 docet,
482 793 619 823 imbelles
635 802 715 830 esse,
733 802 811 831 quos
828 798 970 823 metuant.
992 793 1069 822 Nihil

84 835 195 864 deinde
217 839 336 871 praeter
362 835 417 863 has
443 840 550 871 gentes
570 835 706 869 obstare,
735 835 897 872 quominus
924 840 1069 865 terrarum

83 877 182 913 spatia
197 876 312 906 emensi
329 876 366 905 ad
385 876 476 905 finem
499 877 587 906 simul
610 877 713 906 mundi
740 877 939 914 laborumque
963 885 1067 913 perve-

41 923 76 948 20
85 919 176 947 niant.
219 918 358 947 Cessisse
374 917 432 946 11113
448 918 650 948 metuentibus
668 919 791 955 Gangen
808 924 837 948 et
852 918 1069 947 multitudinem

84 960 254 993 nationum,
281 968 360 995 quae
383 960 459 988 ultra
479 968 597 990 amnem
619 965 736 990 essent:
765 961 937 989 declinasse
954 961 1008 989 iter
1024 969 1071 995 eo,

41 1006 72 1032 21
86 1001 135 1031 ubi
157 1009 214 1038 par
235 1001 346 1037 gloria,
376 1000 474 1030 minus
491 1002 659 1038 periculum
675 1006 768 1031 esset.
812 1003 873 1030 Iam
892 1001 1071 1038 prospicere

77 1052 116 1078 se
133 1042 295 1077 Oceanum,
318 1042 376 1071 iam
393 1042 523 1079 perflare
539 1044 578 1072 ad
592 1043 679 1080 ipsos
695 1052 797 1072 auram
814 1043 920 1073 maris:
943 1051 981 1073 ne
996 1043 1069 1072 invi—

83 1085 192 1114 derent
206 1085 263 1114 sibi
276 1084 410 1118 laudem,
429 1093 518 1121 quam
536 1090 659 1121 peteret.
702 1085 842 1114 Herculis
859 1090 888 1114 et
902 1085 1002 1114 Liberi
1016 1085 1069 1113 Pu<

84 1127 135 1156 tris
150 1127 295 1156 terminos
317 1125 498 1155 transituros
520 1126 603 1162 illos,
630 1127 693 1163 regi
719 1135 774 1155 suo
800 1135 893 1163 parvo
917 1127 1070 1163 impendio

84 1168 334 1198 immortalitatem
357 1168 454 1197 famae
470 1168 603 1198 daturos.
646 1169 836 1204 Paterentur,
863 1177 897 1197 se
924 1177 961 1197 ex
988 1169 1070 1197 India

83 1210 192 1243 1811118,
210 1218 269 1238 11011
287 1210 400 1246 sugere.

40 1256 74 1282 22
167 1250 235 1287 (17)
265 1251 367 1280 Omnis
392 1252 565 1286 multitudo,
593 1257 621 1280 et
642 1251 771 1280 maxime
793 1252 943 1287 militaris,
969 1251 1071 1281 mobili

83 1292 197 1329 impetu
213 1293 345 1322 effertur.
387 1293 431 1321 lta
446 1293 606 1322 seditionis
628 1301 687 1322 non
704 1293 837 1322 remedia
854 1302 944 1330 quam
960 1293 1071 1330 princi-

41 1338 75 1364 23
85 1334 135 1371 pia
150 1334 265 1363 maiora
281 1338 359 1364 sunt.
402 1335 466 1363 Non
488 1335 564 1364 alias
590 1339 649 1364 tam
674 1335 776 1364 alacer
796 1336 910 1364 clamor
931 1335 968 1364 ab
985 1343 1071 1364 exer-

83 1376 144 1405 citu
160 1380 206 1405 est
221 1375 367 1410 1811111103,
387 1375 561 1411 iubentium,
584 1377 708 1406 duceret
724 1377 781 1405 diis
799 1376 943 1406 secundis
959 1384 1071 1413 aequa-

85 1422 192 1453 retque
205 1417 309 1454 gloria,
333 1425 411 1454 quos
427 1419 637 1447 aemularetur.
680 1419 791 1447 Laetus
812 1418 859 1447 his
881 1418 1072 1447 acclamatio-

41 1463 73 1489 24
84 1459 171 1488 nibus
188 1459 227 1487 ad
243 1459 348 1488 hostes
364 1460 503 1495 protinus
520 1464 619 1488 eastra
641 1464 750 1488 movet.
794 1459 1010 1489 Validissimae
1026 1461 1072 1488 ln—

84 1501 190 1530 dorum
205 1504 311 1536 gentes
328 1505 413 1529 erant
428 1504 457 1529 et
477 1501 589 1530 bellum
610 1501 737 1537 impigre
761 1501 922 1537 parabant:
950 1501 1071 1530 ducem-

84 1549 144 1578 que
159 1549 197 1570 ex
215 1541 336 1570 natione
350 1542 587 1579 Oxydraearum,
601 1547 756 1578 spectatae
769 1542 894 1578 virtutis,
908 1543 1071 1580 elegerant,

84 1582 135 1620 qui
152 1583 209 1612 sub
225 1582 379 1612 radicibus
395 1583 505 1612 montis
521 1589 621 1613 eastra
643 1584 746 1620 posuit
765 1584 886 1620 lateque
913 1584 1015 1621 ignes,
1040 1591 1073 1615 ut

84 1625 218 1662 speciem
234 1624 433 1654 multitudinis
455 1630 594 1661 augeret,
624 1625 772 1661 ostendit,
798 1627 929 1655 elamore
947 1635 1071 1664 quoque

86 1675 119 1694 uc
135 1666 182 1695 sui
203 1666 296 1695 moris
318 1667 432 1696 ululatu
456 1667 617 1696 identidem
640 1667 872 1704 acquiescentes
887 1668 1072 1698 Macedonas

57 1709 191 1738 ssi-nstra
217 1713 330 1737 terrere
358 1713 495 1738 conatus.
539 1709 600 1738 Iam
623 1710 673 1738 lux
697 1710 873 1746 appetebat.
906 1719 996 1746 quum
1017 1719 1073 1739 rex

125 1758 205 1778 cunr.
229 1758 292 1777 nur.
825 1750 862 1780 15
