1215 1905
156 122 216 154 192
497 122 529 157 Q.
554 121 709 150 CURTII
730 122 836 151 RUFI

152 198 281 227 salutem
294 195 375 233 regis
388 195 549 232 pertinere,
566 205 645 233 quae
656 196 785 232 afferret,
801 197 938 226 affirmat.
960 197 997 226 Et
1009 201 1180 234 tempus,22

154 247 216 275 quo
233 240 387 273 venerant,
403 242 432 266 et
445 238 557 274 vultus,
572 238 653 267 haud
669 246 743 267 sane
759 238 859 267 securi
875 238 966 266 animi
980 238 1088 273 index,
1106 243 1136 267 et

153 279 303 308 maestitia
318 287 335 308 e
350 279 470 308 duobus
485 279 607 308 alterius
619 279 824 309 Ptolemaeum
835 287 871 308 ac
882 280 1069 308 Leonnatum
1084 287 1136 308 ex—

154 320 301 350 cubantes
322 320 362 349 ad
384 319 514 349 cubiculi
535 320 625 350 limen
647 321 861 350 excitaverunt.
897 321 1002 357 ltaque
1023 320 1136 357 apertis

155 361 271 391 foribus
287 366 316 391 et
330 361 441 391 lumine
456 361 553 397 illato,
577 362 708 399 sopitum
730 370 813 391 mero
829 370 865 391 ac
880 370 988 391 somno
1004 361 1137 391 excitant

154 411 265 440 regem.
288 404 350 439 Ille,
367 403 510 439 paulatim
525 408 624 432 mente
640 403 776 439 collecta,
793 403 865 440 quid
879 403 1029 439 afferrent,
1046 403 1135 432 inter-

154 448 249 481 rogat.
271 445 332 473 Nec
345 448 503 474 cunctatus
516 445 705 482 Eurylochus
718 453 778 474 non
791 453 829 474 ex
841 449 903 474 toto
916 445 1038 474 domum
1051 453 1137 473 suam
1144 447 1178 472 23

154 486 289 515 aversari
306 486 382 515 deos
398 485 481 522 dixit,
499 485 569 522 quia
586 487 677 515 frater
691 486 796 522 ipsius,
814 494 998 523 quamquam
1011 486 1136 523 impium

154 527 273 556 facinus
289 535 383 556 ausus
401 528 491 563 foret,
520 532 616 556 tamen
633 532 662 556 et
677 527 891 564 poenitentiam
907 527 974 557 eius
989 531 1092 564 ageret
1107 531 1136 556 et

153 577 208 605 per
231 576 264 598 se
285 568 477 605 potissimum
498 569 690 605 profiteretur
710 568 863 598 indicium.
907 569 940 598 In
957 576 1022 598 eam
1037 568 1134 605 ipsam

153 613 289 646 noctem,
312 618 390 646 quae
406 610 581 646 decederet,
604 610 732 639 insidias
747 614 939 647 comparatas
955 610 1065 647 fuisse,
1081 618 1133 639 au-

154 656 254 681 ctores
280 651 402 680 scelesti
425 651 544 680 consilii
564 659 649 687 esse,
677 660 755 688 quos
777 651 897 680 minime
919 652 1056 681 crederet
1070 659 1133 680 rex.

152 693 226 721 Tum
241 691 404 729 Epimenes
426 697 535 722 cuncta
558 693 662 722 ordine
678 692 931 730 consciorumque
947 692 1069 723 nomina
1084 700 1134 721 cx-
1143 696 1176 722 24

154 733 248 771 ponit.
272 733 473 763 Callisthenen
486 742 546 764 non
559 738 591 763 ut
602 734 780 771 participem
794 734 935 763 facinoris
949 734 1133 764 nominatum

153 784 224 805 esse
241 775 408 812 constabat,
424 776 479 804 sed
495 775 615 805 solitum
631 784 794 812 puerorum
810 776 1000 805 sermonibus
1015 776 1133 812 vitupe-

152 817 280 846 rantium
306 816 587 854 criminantiumque
611 825 713 854 regem
740 817 844 846 faciles
865 826 954 847 aures
977 817 1132 853 praebere.

153 858 279 894 Quidam
305 858 463 893 adiiciunt,
492 867 583 895 quum
609 859 787 887 Hermolaus
814 859 896 894 apud
923 867 990 888 eum
1011 866 1133 895 quoque
1141 862 1174 888 25

151 900 340 929 verberatum
358 907 391 928 se
406 908 423 928 a
435 907 506 936 rege
517 905 702 936 quereretur,
719 898 834 928 dixisse
843 900 1054 935 Callisthenen,
1071 907 1131 928 me-

152 940 278 970 minisse
300 941 412 970 debere
433 948 502 977 eos,
526 941 584 969 iam
599 941 681 970 viros
698 948 782 969 esse:
809 940 901 977 idque
916 942 955 970 ad
971 942 1131 970 consolan-

153 983 220 1011 ‹lam
236 982 409 1018 patientiam
425 982 599 1017 verberum,
616 991 654 1010 an
671 983 709 1011 ad
725 981 910 1011 incitandum
924 982 1067 1012 iuvenum
1079 982 1132 1011 do—

154 1025 246 1053 lorem
261 1023 374 1052 dIctum
389 1027 480 1058 esset,
497 1023 526 1052 in
542 1023 682 1059 ambiguo
700 1023 805 1052 fuisse.

234 1065 315 1100 Rex,
330 1063 420 1093 animi
436 1065 636 1101 corporisque
652 1072 765 1101 sopore
781 1064 938 1099 discusso,
956 1073 1048 1101 quum
1063 1063 1174 1094 tanti26

153 1106 287 1142 periculi,
301 1114 361 1142 quo
370 1110 522 1142 evaserat,
534 1107 632 1142 imago
642 1106 737 1135 oculis
747 1105 915 1142 oberraret,
930 1105 1132 1144 Eurylochum

151 1149 173 1176 L
190 1147 308 1177 talentis
325 1152 354 1176 et
369 1147 528 1176 cuiusdam
542 1147 692 1185 Tyridfitis
709 1147 861 1184 opulentis
883 1147 972 1177 bonis
995 1147 1132 1184 protinus

152 1189 245 1218 donat
266 1190 463 1225 fratremque,
484 1192 646 1225 antequam
669 1198 723 1225 pro
746 1190 842 1219 salute
863 1189 928 1218 eius
950 1192 1132 1225 precaretur,

151 1230 288 1260 restituit.
326 1230 457 1259 Sceleris
479 1234 576 1259 autem
598 1235 738 1260 auctores
754 1230 892 1267 interque
907 1238 962 1259 eos
977 1229 1170 1260 Callisthe-27

151 1280 209 1300 nen
230 1272 349 1301 vinctos
371 1271 524 1300 asservari
549 1272 646 1300 iubet:
673 1272 784 1308 quibus
805 1272 835 1300 in
857 1271 971 1308 regiam
992 1271 1131 1300 adductis

152 1317 214 1343 toto
242 1312 291 1342 die
317 1317 348 1342 et
373 1317 462 1342 nocte
486 1312 626 1349 proxima
651 1321 733 1342 mero
760 1321 795 1342 ac
822 1312 932 1349 vigiliis
958 1313 1060 1349 gravis
1082 1320 1132 1341 ac-

153 1354 275 1391 quievit.

235 1394 301 1431 (24)
323 1396 446 1425 Postero
463 1400 562 1425 autem
578 1396 721 1432 frequens
738 1395 897 1425 consilium
912 1394 1062 1429 adhibuit,
1085 1395 1174 1424 cui28

152 1441 254 1474 patres
270 1436 496 1474 propinquique
518 1445 637 1472 eorum,
664 1437 701 1466 de
724 1436 834 1473 quibus
856 1437 1016 1473 agebatur,
1041 1436 1131 1465 inter-

152 1483 245 1514 erant,
260 1486 298 1507 ne
310 1479 348 1507 de
361 1487 417 1507 sua
431 1479 552 1514 quidem
568 1479 664 1508 salute
680 1479 794 1507 securi:
812 1479 925 1515 quippe
932 1477 1130 1507 Macedonum

151 1528 235 1549 more
250 1519 349 1556 perire
363 1520 521 1555 debebant,
539 1520 670 1549 omnium
686 1519 804 1549 devotis
821 1520 980 1556 capitibus,
998 1518 1049 1555 qui
1062 1527 1130 1547 san-

152 1561 242 1597 guine
258 1561 457 1597 contigissent
472 1569 537 1590 eos.
573 1562 638 1590 Rex
653 1561 803 1591 introduci
821 1561 996 1590 coniuratos
1011 1563 1172 1597 praeter29

151 1602 355 1632 Callisthenen
371 1602 473 1632 iussit:
490 1607 596 1639 atque,
614 1611 692 1639 quae
707 1602 909 1640 agitaverant,
926 1603 991 1631 sine
1007 1605 1129 1630 cuncta-

152 1643 232 1672 tione
249 1644 384 1674 confessi
400 1648 479 1674 sunt.
520 1643 748 1681 Increpantibus
770 1644 880 1673 deinde
898 1642 1049 1672 universis
1065 1645 1171 1676 eos,30

151 1684 218 1720 ipse
234 1693 296 1720 rex,
314 1694 374 1722 quo
391 1694 448 1715 suo
464 1685 568 1715 merito
586 1690 699 1715 tantum
714 1685 744 1715 in
767 1690 862 1715 semet
883 1684 1070 1721 cogitassent
1086 1683 1128 1711 fa-

149 1725 245 1760 cinus,
263 1726 435 1761 interrogat.
