1210 1895
127 83 161 100 xx
520 75 754 99 PRAEFATIO.

194 143 260 172 Vm,
278 142 295 168 9
314 141 385 175 (30),
406 141 447 167 12.
465 143 580 174 aquilone
597 144 703 167 maxime
721 143 865 167 deuruntur.
902 142 979 167 Codd.
999 145 1109 175 aquiloni
1124 152 1154 169 m.

126 178 270 208 decurrunt,
290 178 367 208 vulgo
384 177 513 208 aquilones
530 184 559 200 m.
583 177 697 201 denrunt-
735 177 854 201 Codicum
873 177 1020 208 scripturam
1039 185 1088 202 non
1099 183 1151 210 pot-

126 216 164 235 est
180 212 317 235 artificiosa
332 211 441 242 Zumptii
459 210 592 242 explicatio
610 212 683 235 tueri.
702 211 795 235 Verum
812 212 865 235 sine
885 211 960 235 dubio
979 216 1016 235 est
1034 212 1155 237 deurendi

124 246 243 269 verbum:
268 245 313 269 sed
330 252 407 275 quum
424 245 558 277 singulmis
577 253 696 269 numerus
713 247 735 269 is
753 259 787 263 —
804 246 868 269 mitis
885 249 1013 275 sequatur,
1032 247 1094 270 satis
1112 247 1154 271 ille

123 280 239 303 codicum
258 280 404 303 auctoritate
422 279 557 309 defensus,
587 280 676 311 scripsi
692 281 806 311 aquilone
821 279 1010 303 —deuruntur.
1045 280 1154 305 Litterae

123 321 137 337 e
155 318 179 337 et
197 314 214 344 ί,
233 313 323 338 deinde
343 313 532 337 terminationes
551 314 626 338 activi
642 317 666 338 et
682 314 777 346 passivi
797 314 998 344 frequentissime
1016 313 1041 337 in
1059 313 1098 338 his
1111 323 1153 339 co-

123 347 222 371 dicibus
241 351 420 378 permutantur.

191 382 257 413 VIII,
276 381 292 407 9
311 381 383 414 (30),
403 380 445 406 13.
462 381 515 406 Nec
532 389 577 405 cur
592 382 627 405 ibi
637 390 664 406 se
680 386 771 406 natura
783 382 929 414 [ἰνιυενίενιίγ
937 380 1055 413 patescit]
1065 390 1150 406 conso.

122 415 202 447 Epist.
222 423 249 447 p.
269 415 311 441 26.
330 416 452 447 proposui
470 429 504 433 —
521 420 613 440 natura
632 415 790 448 [inverteritL
810 424 888 440 causa
904 415 1056 448 [inquesca]¹
1082 416 1152 440 Nunc

123 450 213 473 mellus
232 450 306 479 duxi,
335 457 410 474 uuam
430 457 504 480 quam
522 450 586 474 duas
602 454 711 474 statuere
735 451 846 475 lacunas.
884 451 935 475 Iam
960 450 1079 482 explicari
1103 451 1151 474 for-

121 487 190 507 tasse
208 488 300 515 potest,
328 485 403 513 unde,
428 484 495 514 quod
512 484 536 508 in
554 484 678 509 nonnullis
696 485 770 509 codd.
790 485 920 517 reperitur,
939 486 1057 516 inyrescit
1074 492 1094 507 5.
1116 485 1150 508 πί-

119 519 221 549 grescit,
237 518 302 542 infra
318 518 379 542 illud
398 522 455 550 post
474 519 575 542 alluitur
593 519 709 551 locatum,
726 519 865 551 profectum
885 519 926 543 sit.
954 519 1049 543 Etenim
1069 519 1091 542 si
1109 527 1150 543 ex-

122 552 182 575 cidit
200 554 310 581 nerterz't,
330 560 362 576 ex
380 553 510 582 inpatescit
529 553 581 576 fieri
600 560 659 577 sane
675 557 772 585 poterat
789 554 913 584 inyreseit.
951 552 992 577 Sic
1014 552 1045 581 X,
1065 553 1079 577 l
1098 552 1146 585 (5),

125 585 165 610 42.
185 594 217 610 ex
234 587 337 611 invictus
355 587 484 618 quondam,
512 591 644 619 postquam
662 589 738 611 vietus
753 588 854 617 excidit,
883 588 976 611 factum
996 591 1033 610 est
1051 588 1074 610 in
1094 595 1150 618 quo-

121 621 180 644 dam
198 620 343 652 (quoddam,
362 621 500 652 quosdam).

188 655 253 683 VIII,
271 654 288 680 9
306 654 375 686 (32),
394 654 436 679 23.
457 655 532 685 Quum
551 663 600 679 rex
617 659 691 679 semet
706 669 747 680 —.
783 655 861 679 Codd.
874 655 968 685 aliquot
983 663 1010 679 se
1023 663 1062 686 ne,
1074 655 1150 687 vulgo

120 696 196 718 sane,
226 689 257 715 al.
283 697 338 713 sese
360 689 400 713 vel
425 697 460 713 se.
508 689 597 713 Forma
615 693 689 713 semet
705 689 816 713 Curtium
836 689 954 713 delectari
978 693 1044 713 recte
1062 690 1090 713 Z.
1108 697 1150 713 an-

120 722 223 748 notavit.

189 757 256 785 VIII,
278 756 310 780 10
328 755 399 788 (38),
418 755 462 781 32.
482 757 603 781 admotos.
630 758 705 781 Voss.
719 758 743 781 1.
761 758 888 782 F1‹›r.BG.
905 761 929 781 et
941 765 955 781 a
972 765 1010 790 pr.
1027 766 1060 782 m.
1078 758 1148 782 Leid.

121 790 186 816 Flor.
203 791 235 814 A.
260 791 369 822 adiutos,
389 790 430 814 alii
449 791 557 821 auditas,
577 791 618 815 alii
637 792 750 816 aductus.
787 791 870 823 Vulgo
889 792 1024 821 adductos,
1046 792 1148 816 Miitzel-

120 825 168 848 lius
184 825 309 849 advectas.
338 826 390 856 Ego
406 825 439 853 iu,
456 826 522 855 quod
538 826 562 849 iu
578 826 706 849 codicibus
723 830 768 855 est,
785 834 807 850 m
818 833 874 850 esse
884 830 931 850 eto
942 826 1067 850 excidisse
1079 830 1145 858 puto.

120 858 219 882 Curtius
238 859 304 883 enim
323 863 402 883 turres
420 866 518 891 semper
536 860 630 884 moveri
648 864 671 883 et
691 860 818 884 admoveri
837 860 905 884 dicit.
941 860 983 888 IV,
1002 859 1018 885 6
1037 859 1108 892 (26),
1121 859 1147 885 9.

119 893 150 922 V,
170 891 186 917 3
206 892 277 925 (10),
297 891 323 918 7.
343 894 384 922 VI,
404 892 420 917 6
439 893 508 925 (24),
528 892 570 918 34.
589 894 654 922 VIII,
673 893 689 917 2
709 893 766 926 (9),
785 893 828 919 26.
848 894 913 923 VIII,
935 895 964 918 lI
985 893 1055 925 (41).
1073 893 1113 919 19.

188 927 254 956 VIII,
274 927 305 952 11
325 927 394 958 (41),
414 926 455 952 24.
477 927 602 960 [speciem]
621 929 821 959 tamen—fecit.
860 929 932 957 Quod
952 929 1091 952 Miitzellius
1111 929 1146 952 in-

119 962 300 993 terponendum
320 970 375 986 esse
396 962 467 990 vidit,
486 963 599 992 specim,
618 963 701 994 recepi
720 963 829 993 quidem,
848 970 928 993 neque
944 966 1026 987 tamen
1044 968 1100 987 ante
1108 964 1146 993 se-

119 996 160 1024 cic,
179 1000 207 1018 ut
225 995 376 1025 Miitzellius,
395 996 440 1020 sed
459 1000 515 1019 aute
533 1000 613 1021 tomen
632 997 761 1021 collocavi.

187 1030 254 1059 VIII,
275 1029 307 1055 12
330 1029 401 1062 (41),
421 1030 447 1054 2.
465 1037 525 1061 per
539 1031 681 1062 funditores
699 1039 736 1055 oc·
747 1032 900 1062 sagittarios.
938 1031 1021 1063 Vulgo
1032 1031 1146 1061 cumfau-

121 1063 202 1087 ditare
220 1072 251 1088 ae
269 1065 416 1096 sagittario:
435 1065 461 1088 Z.
480 1065 578 1088 Iunium
596 1069 697 1088 secutus
714 1073 766 1089 cum
786 1065 878 1091 omisit.
915 1066 996 1093 Quum
1014 1073 1073 1089 vero
1089 1065 1146 1095 fun-

120 1098 213 1121 ditores
240 1106 270 1122 ac
289 1099 435 1130 sagittarios
455 1099 480 1122 in
498 1100 613 1123 omnibus
632 1099 705 1123 codd.
726 1100 773 1129 sit,
799 1100 824 1122 in
845 1099 908 1122 Flor.
931 1103 955 1122 et
973 1099 1042 1123 Leid.
1064 1103 1145 1123 autem

119 1136 249 1162 praeterea
268 1137 433 1164 anteponatur
448 1133 515 1165 fere,
533 1141 581 1157 non
601 1133 713 1157 dubitavi
731 1133 778 1156 hoc
797 1137 893 1157 mutare
912 1133 937 1156 in
953 1140 1008 1163 per.

188 1167 254 1197 VIII,
275 1166 308 1191 13
327 1166 396 1198 (46),
416 1166 458 1191 26.
481 1166 652 1199 [Alexander]
667 1168 838 1191 obscuritatem
847 1180 889 1190 —.
926 1167 1007 1196 Quum
1018 1167 1146 1191 antecedat

119 1201 249 1224 terruisset
267 1202 348 1233 alium,
368 1206 392 1225 et
410 1200 553 1225 Alexander
571 1201 613 1225 alii
633 1205 786 1232 opponatur,
807 1202 833 1225 Z.
859 1205 924 1225 recte
945 1202 1016 1230 vidit,
1036 1202 1144 1232 interpo-

118 1235 228 1258 nendum
247 1243 302 1259 esse
321 1236 388 1267 regis
408 1242 509 1259 nomen:
539 1235 592 1266 ipse
616 1238 698 1258 tamen
728 1242 777 1258 non
804 1235 960 1266 interposuit.
1002 1235 1051 1263 At,
1079 1235 1143 1265 quod

120 1268 186 1292 idem
210 1269 272 1293 dixit
292 1269 433 1293 addendum
455 1276 518 1300 esse,
531 1273 595 1293 certe
615 1269 783 1293 necessarium
803 1276 851 1292 non
872 1272 940 1300 puto.

188 1302 230 1334 IX,
249 1302 266 1328 4
286 1303 356 1335 (15),
378 1303 419 1328 10.
439 1307 516 1327 aestu.
555 1303 596 1327 Sic
616 1304 646 1327 de
666 1303 740 1335 Ieepii
760 1302 799 1334 (p.
815 1301 874 1334 63.)
889 1303 1031 1326 coniectura
1047 1303 1144 1334 scripsi.

120 1336 167 1359 Vul
189 1345 202 1361 ο
221 1341 291 1364 metu.

170 1344 231 1402 gIX,
256 1370 271 1397 7
291 1370 360 1403 (27),
382 1371 408 1395 4.
439 1372 607 1403 Morginnum.
649 1371 732 1403 Vulgo
754 1371 942 1402 Maeerimzzmz,
962 1372 1042 1401 quod,
1068 1379 1143 1401 quum

120 1409 264 1437 corruptum
284 1407 326 1437 sit,
346 1407 475 1437 Zumptius
495 1406 520 1430 in
539 1406 714 1430 Macariummz
734 1406 848 1429 mutavit.
889 1405 921 1429 At
941 1404 1028 1429 Strabo
1049 1405 1142 1429 Boxum

119 1439 196 1463 tradit
215 1439 293 1464 fuisse
312 1440 420 1469 Persamy
440 1448 520 1470 neque
538 1440 674 1464 verisimile
695 1444 739 1468 est,
760 1439 872 1463 Bitonem
887 1439 981 1463 Graeco
999 1446 1072 1462 usum
1089 1447 1143 1463 esse

120 1473 218 1497 sic-ario.
254 1474 350 1498 Deinde
369 1474 400 1498 de
419 1474 499 1498 forma
517 1475 625 1498 nominis
641 1474 754 1498 dubitare
774 1474 841 1497 licet:
860 1473 952 1504 quippe
969 1473 1062 1497 Graece
1076 1473 1144 1496 inco-

119 1506 157 1529 lae
177 1508 246 1531 urbis
265 1508 387 1532 Macariae
408 1508 555 1539 Μακαρεῖς
576 1509 615 1532 vel
638 1506 822 1538 Μακαρεᾶται
842 1507 1005 1538 appellantur.
1047 1507 1092 1530 His
1114 1507 1144 1530 de

119 1541 203 1564 causis
224 1542 385 1573 Maryianum
405 1543 502 1574 scripsi.
550 1543 688 1579 Margianoi
697 1543 764 1574 regio
786 1542 860 1565 Asiae
881 1545 932 1570 est,
954 1542 1018 1565 inter
1034 1541 1144 1565 Bactria-

119 1581 177 1598 uam
197 1579 221 1598 ot
239 1576 386 1607 Hyrcaniam
405 1577 462 1600 sita.

188 1609 231 1638 IX,
251 1608 265 1634 7
289 1609 361 1641 (29),
384 1609 424 1635 19.
452 1611 545 1641 Inqens
571 1610 609 1634 hic
635 1611 731 1633 militum
751 1613 898 1634 convenerat
916 1609 1054 1633 multitudo:
1081 1610 1144 1632 inter

119 1649 179 1674 quos
198 1644 251 1674 qui
267 1648 340 1668 erant
357 1645 456 1673 Graeci,
478 1646 605 1675 Dioxippo
624 1645 762 1668 studebant.
799 1644 900 1674 Recepi,
921 1643 988 1674 quod
998 1644 1024 1667 Z.
1043 1644 1091 1666 iam
1108 1642 1144 1665 in-

119 1675 214 1701 tellexit
233 1678 390 1702 scribendum
413 1686 478 1703 esse.
514 1679 598 1710 Vulgo
619 1680 702 1709 ingens
719 1678 742 1701 Ιι.
761 1686 800 1709 ⁷n.,
818 1679 881 1701 inter
893 1685 953 1709 quos
962 1681 1035 1701 eran!
1045 1677 1144 1704 Graeci,
