1215 1895
139 113 211 143 LlB.
225 113 277 141 lv.
294 111 375 140 CAP.
387 110 463 147 xlll,
478 110 651 142 28—CAP.
666 110 745 145 XIV.
759 115 785 142 8.
802 122 850 148 [iv.
866 122 949 144 δο-ω,
971 121 1009 148 z.1
1053 109 1093 142 67

56 193 90 220 38
182 186 250 224 (52)
275 188 413 217 Ceterum
428 187 598 217 hortantem
615 186 770 217 exercitus
793 188 940 218 exaudire
961 195 1022 217 non
1038 195 1094 224 po-

99 234 182 265 terat,
200 238 290 259 usum
305 229 421 259 aurium
433 228 643 266 intercipiente
658 229 777 259 fremitu
791 230 920 260 duorum
932 229 1095 267 agminum,

99 272 155 302 sed
176 272 205 301 in
228 275 398 309 conspectu
419 270 552 300 omnium
574 271 670 300 duces
693 275 723 300 et
743 271 917 308 proximum
941 278 1095 309 quemque

99 313 318 351 interequitans
334 313 556 350 alloquebatur.

475 382 496 411 C
504 383 530 410 Α
539 381 570 410 Ρ.
596 381 674 411 xlv.

71 446 84 471 1
177 440 317 470 Emensis
334 444 376 470 tot
392 444 488 469 terras
505 440 534 469 in
551 448 639 477 spem
656 438 811 474 victoriae,
825 440 863 468 de
876 448 937 476 qua
949 438 1095 468 dimican-

99 484 170 513 dum
187 483 273 517 soret,
288 482 347 511 hoc
363 490 455 511 unum
472 489 637 519 superesse
654 481 828 510 discrimen.
870 481 1033 510 Granicum
1046 480 1095 510 hic

98 532 217 554 amnem
234 523 418 561 Ciliciaeque
433 527 553 554 montes
569 527 599 553 et
614 522 734 561 Syriam
750 523 989 561 Aegyptumque
1005 531 1093 560 prae-

97 565 240 596 euntibus
255 570 374 603 raptas,
393 565 527 602 ingentia
544 565 610 602 spei
626 564 805 602 gloriaeque
821 564 1030 601 incitamenta,
1047 573 1093 594 re-

68 607 222 638 ssl'erebat.
260 607 479 644 Reprehensos
501 615 540 637 ex
562 608 634 644 suga
655 607 765 636 Persas
787 611 993 644 pugnaturos,
1023 606 1094 642 quia

98 650 203 686 sugere
219 658 279 679 non
296 653 434 686 possent.
471 648 603 679 Tertium
625 648 684 678 iam
703 648 784 678 diem
806 653 887 678 metu
908 656 1094 685 exsangues,

97 691 189 721 armis
206 690 271 721 suis
288 695 447 726 oneratos,
470 691 499 720 in
522 691 631 720 eodem
654 690 783 727 vestigio
798 691 936 720 haerere.
973 691 1093 720 Nullum

98 732 324 770 desperationis
349 732 469 762 illorum
492 732 590 763 maius
612 732 758 762 indicium
781 740 867 767 esse,
896 740 986 769 quam
1010 732 1095 769 quod

98 775 200 811 urbes,
223 775 306 812 quod
327 782 419 811 agros
443 782 518 804 suos
540 778 671 810 urerent,
695 774 842 811 quicquid
863 783 923 804 non
940 773 1093 811 corrupis-

68 821 85 847 3
97 821 178 853 sent,
197 815 330 846 hostium
345 824 417 846 esse
433 816 577 846 confessi.
614 816 742 845 Nomina
756 817 848 846 modo
864 825 944 845 vana
959 815 1093 853 gentium

96 858 266 896 ignotarum
282 866 320 887 ne
335 857 579 888 extimescerent.
616 858 722 895 Neque
738 857 818 888 enim
833 859 872 887 ad
893 857 964 887 belli
986 856 1094 887 discri-

97 908 165 930 men
183 899 343 937 pertinere,
362 899 413 937 qui
429 901 467 929 ab
483 899 530 929 his
548 899 690 938 Scythae,
709 900 801 937 quive
817 899 941 929 Cadusii
956 900 1093 937 appella-

97 946 209 972 rentur.
252 941 295 971 Ob
311 941 340 970 id
357 941 473 978 ipsum,
491 942 574 979 quod
590 941 686 979 ignoti
701 946 819 977 essent,
843 941 994 978 ignobiles
1011 950 1092 971 esse.

69 984 256 1021 4Nunquam
278 983 411 1020 ignorari
431 983 514 1013 viros
537 983 646 1014 sortes:
672 988 702 1013 at
727 983 880 1019 imbelles,
908 992 946 1012 ex
968 983 1091 1013 latebris

98 1025 162 1055 suis
178 1030 292 1061 erutos,
314 1025 385 1054 nihil
402 1029 523 1062 praeter
539 1025 661 1055 nomina
676 1025 795 1055 afferre.
832 1026 1018 1055 Macedonas
1033 1024 1093 1054 vir-

97 1071 159 1097 tute
175 1071 346 1102 assecutos,
363 1076 401 1096 ne
419 1066 487 1104 quis
504 1071 567 1097 toto
584 1068 658 1096 orbe
673 1068 760 1096 locus
777 1071 869 1101 esset,
889 1067 940 1104 qui
956 1067 1033 1096 tales
1051 1066 1093 1096 vi-

68 1114 84 1139 5
96 1117 148 1138 ros
164 1108 327 1145 ignoraret.
350 1109 542 1138 Intuerentur
552 1109 752 1138 barbarorum
765 1107 954 1138 inconditum
967 1117 1076 1146 agmen

97 1150 190 1180 alium
206 1149 278 1179 nihil
294 1155 415 1187 praeter
429 1151 562 1181 iaculum
577 1151 706 1186 habere,
728 1150 821 1181 alium
843 1151 939 1180 sunda
961 1159 1037 1180 saxa
1060 1150 1093 1179 li-

97 1193 196 1228 brare,
211 1191 320 1229 paucis
335 1191 415 1222 iusta
431 1200 514 1221 arma
529 1200 609 1222 esse.
645 1193 752 1229 Itaque
771 1192 852 1221 illinc
874 1193 979 1229 plures
1001 1197 1092 1228 stare,

16 1234 20 1240 '
69 1239 85 1265 6
97 1233 167 1263 hinc
184 1235 287 1271 plures
303 1233 509 1263 dimicaturos.
546 1234 607 1263 Nec
625 1234 781 1271 postulare
797 1242 845 1268 se,
863 1238 896 1263 ut
911 1233 1028 1264 fortiter
1043 1243 1093 1264 ca-

99 1280 261 1313 pesserent
276 1275 434 1312 proelium,
457 1275 487 1304 ni
503 1275 570 1312 ipse
587 1276 697 1306 ceteris
715 1275 898 1306 fortitudinis
915 1275 1025 1306 suisset
1040 1285 1093 1305 ex-

99 1318 241 1355 emplum.
285 1317 325 1346 Se
346 1321 415 1347 ante
437 1317 534 1354 prima
557 1317 644 1354 signa
666 1317 886 1348 dimicaturum.
932 1317 1093 1355 Spondere

99 1368 154 1396 pro
171 1368 206 1389 se
221 1363 264 1388 tot
278 1358 445 1394 cicatrices,
462 1359 588 1389 totidem
601 1359 740 1396 corporis
753 1360 881 1390 decora:
899 1360 978 1389 scire
994 1359 1092 1398 ipsos,

97 1409 190 1430 unum
205 1408 304 1438 paene
325 1409 360 1431 se
381 1401 515 1438 praedae
532 1402 700 1431 communis
717 1406 871 1432 exsortem
909 1402 938 1431 in
960 1401 1019 1431 illis
1042 1410 1093 1431 co<

68 1446 85 1474 7
95 1442 193 1472 lendis
209 1442 417 1481 ornandisque
432 1451 584 1480 usurpare
599 1443 745 1473 victoriae
769 1443 915 1480 praemia.
953 1444 1036 1472 Haec
1059 1452 1093 1472 se

98 1484 227 1514 sortibus
242 1484 316 1514 viris
333 1484 445 1514 dicere.
483 1484 515 1514 Si
539 1484 591 1521 qui
607 1485 773 1515 dissimiles
790 1494 896 1515 eorum
912 1490 1026 1520 essent,
1042 1485 1091 1514 illa

97 1527 194 1556 luisse
209 1526 372 1556 dicturum:
394 1527 577 1564 pervenisse
593 1535 639 1562 eo,
656 1528 738 1556 unde
755 1528 860 1564 sugere
876 1536 937 1557 non
952 1532 1091 1564 possent.

95 1569 151 1598 Tot
175 1572 322 1598 terrarum
344 1568 444 1606 spatia
470 1568 620 1604 emensis,
644 1573 688 1599 tot
709 1569 849 1598 anmibus
874 1569 1092 1606 montibusque

96 1614 167 1647 post
182 1614 299 1647 tergum
315 1611 452 1646 obiectis,
466 1610 522 1640 iter
537 1610 567 1639 in
583 1610 711 1647 patriam
727 1616 757 1640 et
769 1616 896 1648 penates
912 1620 1004 1641 manu
1020 1619 1092 1640 esse

67 1655 85 1682 8
99 1651 279 1682 faciendum.
317 1652 368 1682 Sic
385 1654 496 1688 duces,
513 1652 558 1682 sic
574 1653 704 1689 proximi
721 1653 845 1683 militum
861 1653 995 1683 instincti
1011 1657 1090 1682 sunt.

173 1693 241 1730 (53)
263 1695 379 1725 Dareus
396 1694 425 1724 in
438 1695 527 1724 laevo
541 1702 636 1724 cornu
648 1699 721 1729 erat,
735 1703 845 1732 magno
859 1704 984 1725 suorum
997 1694 1090 1732 agmi-

97 1744 150 1772 ne,
167 1736 293 1766 delectis
309 1736 444 1774 equitum
460 1736 667 1774 peditumque,
681 1736 825 1774 stipatus,
837 1740 1090 1808 5contempserat-
