1215 1895
203 97 275 127 LIB.
291 98 342 128 lv.
366 98 446 127 CAP.
463 98 514 133 Vl,
532 103 563 127 15
575 114 609 118 -—
621 97 702 127 CAP.
715 97 779 132 VH,
797 102 822 127 5.
841 99 889 125 nv,
908 98 990 121 27—29.
1010 98 1050 124 z.]
1105 94 1145 126 47

151 174 257 210 elatus,
273 173 350 204 alias
362 173 480 203 virtutis
497 174 586 203 etiam
601 174 630 202 in
644 172 732 202 hoste
745 172 876 208 mirator,
892 173 963 209 Non,
977 176 1008 201 uc
1022 173 1143 207 voluisti,

150 215 263 253 inquit,
284 217 431 251 morieris,
450 215 532 251 Beli,
554 216 620 250 sed,
644 215 786 251 quicquid
804 217 834 244 in
854 216 1001 252 captivum
1018 215 1145 244 inveniri

109 260 248 295 27potest‚
259 266 420 295 passurum
434 265 496 286 esse
513 261 540 286 le
550 258 656 293 coqita.
679 256 731 285 llle
745 264 804 285 non
818 256 952 286 interrito
968 256 1070 291 modo,
1087 255 1142 284 sed

151 300 323 329 contumaci
340 307 464 336 quoque
487 299 570 328 vultu
592 298 712 327 intuens
734 306 837 334 regem
859 299 971 327 nuttam
991 298 1030 326 ad
1045 297 1144 326 minas

107 344 141 371 28
149 341 217 371 eins
232 340 365 371 reddidit
376 348 493 370 vocem.
515 341 590 369 Tum
602 339 786 374 Alexander,
812 340 958 369 Videtisne
970 340 1143 369 obstinatum

149 384 192 412 ad
202 383 357 413 tacendum
366 381 381 412 ?
400 382 505 419 inquit.
528 382 605 411 Num
617 390 696 418 yeme
704 380 823 418 posuit?
835 390 904 410 num
916 383 1078 419 supplicem
1091 389 1143 409 vo—

148 433 210 454 cem
231 423 329 454 misit?
359 425 481 454 Vincam
493 428 589 453 tamen
600 425 745 453 silentium
762 427 803 459 et,
821 425 848 452 εἰ
861 424 936 452 nillil
946 423 1043 458 aliud,
1066 427 1143 452 certe

108 468 256 503 29yemitu
269 466 468 503 interpellabo.
510 466 557 494 Ira
573 465 684 494 deinde
699 465 787 494 vertit
808 464 836 493 in
854 464 982 499 rabiem,
1006 464 1065 493 iarn
1082 468 1142 493 tum

149 507 330 545 peregrinos
345 507 420 537 ritus
437 515 517 537 nova
525 507 674 536 subeunte
691 507 820 536 fortuna.
834 506 889 535 Per
903 507 979 535 talos
989 505 1068 534 enirn
1082 505 1143 542 spi-

148 549 243 579 rantis
261 551 325 579 lora
341 549 465 579 traiecta
480 553 565 584 sunt,
587 548 809 585 religatumque
832 548 870 576 ad
887 556 1008 577 currum
1024 552 1145 577 traxere

151 591 233 621 circa
248 592 353 621 urbem
369 591 456 628 equi:
472 590 620 627 gloriante
636 598 723 627 rege,
746 589 910 625 Achillem,
933 597 951 618 a
969 597 1029 626 quo
1046 597 1144 625 genus

152 634 220 670 ipse
231 634 406 667 deduceret,
419 632 564 662 imitatum
577 640 611 661 se
619 639 689 661 esse
702 639 802 668 poena
815 630 842 659 in
858 631 976 661 hostem
985 630 1144 667 capienda.

108 674 296 704 aoceeidere
316 675 477 704 Persarum
498 674 696 710 Arabumque
723 672 804 702 circa
831 673 937 702 decem
963 672 1058 701 milia:
1087 680 1144 701 nec

151 716 373 746 Macedonibus
387 716 545 745 incruenta
554 714 680 744 victoria
694 714 756 744 suit.
774 714 899 743 Obsidio
909 718 991 743 certe
1037 721 1065 750 Ax
1081 719 1120 739 ³³2

152 762 288 787 nontam
312 757 447 787 claritate
469 757 553 786 urbis
569 756 726 786 nobilitata
741 760 803 791 est,
827 764 917 793 quam
939 763 989 793 ge—
1011 745 1139 789 *agv'ssffim

152 800 264 829 minato
280 799 417 836 periculo
434 798 525 835 regis.
1010 794 1044 815 01.
1063 796 1105 818 ιη,
1127 795 1141 813 ι-

235 841 291 877 Qui
305 841 481 878 Aegyptum
504 840 588 869 adire
610 839 757 869 festinans
776 839 931 877 Amyntan
954 847 1022 868 cum
1039 839 1145 867 decem

152 882 325 913 triremibus
342 883 371 912 in
387 882 599 912 Macedoniam
621 882 660 910 ad
676 880 905 918 inquisitionem
926 888 1075 910 novorum
1091 880 1144 908 mi-

110 924 235 955 allitum
257 924 346 954 misit.
389 925 526 961 Namque
548 923 638 954 etiam
662 922 807 953 secundis
826 922 1031 952 atterebantur
1047 926 1145 951 tamen

153 966 278 1003 copiae,
305 965 555 1003 devictarumque
581 965 715 1002 gentium
742 963 827 994 militi
852 963 952 993 minor
978 972 1069 1001 quam
1091 964 1141 992 do—

154 1008 282 1038 mestico
299 1008 377 1037 fides
392 1007 569 1037 habebatur.

538 1074 631 1103 cAP.
655 1074 719 1102 VII.

131 1138 145 1163 1
236 1133 304 1169 (29)
316 1133 460 1171 Aegyptii
473 1133 543 1163 olim
550 1133 709 1162 Persarum
725 1132 837 1169 opibus
850 1131 971 1167 infensi,
981 1149 1017 1153 —
1031 1130 1147 1168 quippe
1164 1123 1167 1125 ’

155 1182 247 1204 avare
266 1179 295 1205 et
317 1175 449 1212 superbe
472 1174 673 1212 imperitatum
695 1173 753 1203 sibi
769 1181 840 1203 esse
855 1173 1033 1209 credebant,
1054 1190 1088 1194 ——
1106 1173 1146 1201 ad

156 1224 244 1253 spem
258 1217 408 1246 adventus
424 1216 490 1246 eius
508 1219 669 1246 erexerant
684 1216 817 1251 animos,
838 1219 944 1252 utpote
961 1215 1013 1251 qui
1030 1216 1145 1253 Amyn-

154 1262 216 1287 tam
232 1266 355 1295 quoque
371 1259 559 1295 transfugam
580 1261 611 1287 et
633 1265 702 1287 cum
723 1256 862 1294 precario
879 1257 1006 1294 imperio
1023 1257 1145 1286 venien-

131 1304 216 1330 2tem
230 1299 300 1329 laeti
315 1299 514 1336 recepissent.
557 1299 650 1336 Igitur
672 1299 779 1336 ingens
800 1299 959 1329 multitudo
981 1298 1145 1333 Pelusium⁷

157 1349 218 1379 qua
232 1340 396 1371 intraturus
414 1341 580 1378 videbatur,
597 1345 791 1371 convenerat.
825 1342 926 1378 Atque
948 1340 998 1370 ille
1014 1340 1146 1377 septimo

156 1382 220 1419 die,
242 1386 406 1421 postquam
421 1391 439 1412 a
455 1383 537 1413 Gaza
553 1383 660 1420 copias
682 1387 834 1419 moverat,
855 1382 885 1411 in
906 1382 1064 1418 regionem
1085 1383 1145 1410 Ae-

155 1425 256 1463 gypti,
287 1433 377 1462 quam
406 1433 486 1454 nunc
513 1425 617 1454 Castra
645 1424 813 1454 Alexandri
842 1428 967 1460 vocant,
997 1423 1145 1460 pervenit.

130 1466 286 1503 sneinde,
311 1466 507 1504 pedestribus
526 1466 624 1504 copiis
638 1466 792 1496 Pelusium
814 1470 918 1503 petere
944 1465 1051 1501 iussis,
1078 1465 1146 1501 ipse

156 1516 224 1538 cum
240 1508 383 1546 expedita
398 1509 585 1538 delectorum
600 1517 691 1538 manu
703 1509 768 1537 Nilo
784 1516 872 1537 amne
888 1511 995 1537 vectus
1011 1511 1072 1536 est:
1089 1514 1146 1535 nec

157 1549 330 1580 sustinuere
345 1550 510 1580 adventum
526 1549 592 1580 eius
604 1550 725 1585 Persae,
748 1550 920 1579 defectione
937 1556 1062 1586 quoque
1078 1557 1145 1585 per-

131 1591 258 1622 4territi.
280 1592 405 1629 Iamque
421 1592 504 1622 haud
518 1593 626 1629 procul
640 1591 774 1628 Memphi
789 1595 868 1621 erat:
884 1590 914 1619 in
927 1590 1015 1620 cuius
1028 1590 1146 1628 praesi-

157 1632 208 1664 dio
219 1633 371 1669 Mazaces,
388 1638 512 1671 praetor
522 1633 621 1670 Darei,
636 1633 769 1670 relictus,
785 1633 848 1672 [ad]
858 1632 1046 1663 Cercasoron
1058 1640 1147 1662 amne

157 1679 316 1713 superato,
344 1676 518 1713 octingenta
542 1677 654 1705 talenta
681 1675 857 1705 Alexandro
885 1683 1069 1712 omnemque
1100 1682 1146 1703 re-

134 1717 235 1754 sgiam
261 1717 480 1755 supellectilem
505 1717 637 1748 tradidit.
680 1719 708 1746 A
731 1716 865 1754 Memphi
887 1717 995 1747 eodem
1023 1716 1148 1746 flumine
