1215 1905
265 139 335 168 LlB.
352 140 403 168 vl.
420 139 500 169 CAP.
515 139 554 175 V,
571 144 672 169 1—22.
689 149 738 176 tvi,
751 150 835 172 ιιι-ιε.
850 149 887 176 z.]
1033 139 1096 170 119

70 219 186 250 larunt,
210 214 401 251 proximique
424 214 482 244 vici
497 215 535 244 ab
551 214 659 245 incolis
676 215 789 245 deserti
809 215 977 252 capiuntur.
1014 215 1093 244 Inte-

104 257 184 286 riora
205 256 337 293 regionis
358 255 424 285 eius
440 256 521 286 haud
540 265 614 286 sane
630 257 706 286 adiri
722 257 789 286 sine
805 265 913 294 magna
929 256 1094 286 vexatione

103 298 257 328 exercitus
273 302 420 335 poterant.
450 298 524 336 Iuga
539 299 686 328 montium
703 300 857 336 praealtae
872 299 968 328 silvae
984 306 1090 334 rupes-

104 348 165 377 que
180 340 280 369 inviae
296 339 430 376 sepiunt:
446 348 498 376 ea,
515 349 594 377 quae
610 341 701 377 plana
717 345 801 375 sunt,
819 349 899 370 novo
916 339 1093 369 munimenti

64 386 214 418 ugenere
229 380 430 418 impedierant
443 382 572 411 barbari.
614 383 750 412 Arbores
773 383 889 412 densae
911 385 982 411 sunt
994 382 1032 411 de
1048 381 1091 410 in-

104 422 220 453 dustria
235 422 386 457 consitae,
415 431 542 460 quarum
559 428 681 454 teneros
697 424 797 454 adhue
812 432 914 454 ramos
931 431 1021 452 manu
1037 423 1090 452 sse-

105 469 197 500 etant,
213 473 291 502 quos
307 465 434 494 intortos
451 474 557 495 rursus
574 466 712 496 inserunt
727 471 840 495 terrae:
862 466 933 495 inde
956 466 1038 494 velut
1052 473 1092 494 ex

63 506 161 535 walia
176 506 277 536 radice
292 506 433 536 laetiores
449 508 547 536 virent
562 508 670 537 trunci.
715 508 794 539 Hos.
818 516 879 544 qua
901 512 1008 536 natura
1024 507 1089 541 fert,

103 549 282 577 adolescere
299 556 358 577 non
376 548 492 578 sinunt:
510 549 626 586 quippe
642 550 733 578 aliun]
749 550 799 578 alii
816 549 904 586 quasi
920 557 1002 578 nexu
1018 556 1090 578 con-

102 594 216 625 serunt,
233 590 283 627 qui
299 589 348 619 ubi
364 591 456 620 multa
472 591 579 620 fronde
595 591 696 621 vestiti
712 596 796 626 sunt,
813 591 954 628 operiunt
970 594 1087 620 terram.

101 631 208 668 ltaque
229 631 338 661 occulti
361 640 512 662 ramorum
533 634 616 662 velut
640 633 740 670 laquei
767 637 915 670 perpetua
941 640 1016 669 sepe
1034 631 1091 661 iter

63 676 92 702 16
101 673 234 702 cludunt.
277 673 344 702 Una
367 674 443 703 ratio
464 678 528 704 erat
554 675 711 704 caedendo
737 675 856 711 aperire
883 675 1006 708 saltum,
1033 674 1090 703 sed

101 714 159 744 hoc
175 722 299 751 quoque
315 715 415 752 magni
431 716 543 752 operis.
589 716 691 746 Crebri
711 724 841 753 namque
865 716 936 745 nodi
959 715 1089 745 durave-

102 761 167 785 rant
183 756 316 792 stipites,
342 761 371 786 et
388 757 417 786 in
437 765 471 786 se
490 758 634 794 implicati
649 759 792 787 arborum
811 758 901 794 rami,
925 757 1090 794 suspensis

59 801 90 827 Π
101 797 221 827 circulis
248 798 380 832 similes,
416 799 496 828 lento
525 799 635 829 vimine
662 800 885 829 frustrabantur
909 799 998 828 ictus.
1041 799 1075 828 ln

101 840 186 868 colae
201 843 302 868 autem
320 839 379 868 ritu
401 840 533 869 serarum
556 841 684 877 virgulta
706 841 808 870 subire
829 840 911 871 soliti
933 845 995 870 tum
1012 849 1088 877 quo—

100 888 159 917 que
184 880 369 910 intraverant
393 881 502 910 saltum
531 882 721 919 occultisque
749 883 816 912 telis
842 883 961 912 hostem
991 883 1087 912 laces—

100 922 215 951 sebant.

175 963 242 999 (17)
265 965 316 993 llle
330 964 502 994 venantium
514 966 604 994 modo
618 965 742 995 latibula
754 969 906 995 scrutatus
919 966 1089 1003 plerosque

100 1006 248 1035 confodit:
265 1006 304 1035 ad
318 1006 453 1035 ultimum
470 1006 629 1036 circumire
645 1008 754 1037 saltum
770 1007 880 1037 milites
896 1007 987 1043 iubet,
1003 1012 1045 1043 ut,
1061 1007 1088 1037 si

60 1050 91 1075 18
100 1055 160 1083 qua
176 1051 298 1084 pateret,
314 1047 524 1085 irrumperent.
548 1048 610 1078 Sed
625 1049 736 1085 ignotis
752 1049 828 1079 locis
845 1049 984 1087 plerique
1000 1050 1088 1079 ober-

98 1089 218 1124 rabant,
245 1090 428 1126 exceptique
451 1094 521 1119 sunt
539 1090 676 1126 quidam,
702 1091 779 1120 inter
795 1100 874 1128 qnos
891 1099 988 1128 equus
1004 1091 1088 1128 regis

99 1130 317 1167 (Bucephalam
332 1131 506 1167 vocabant),
523 1140 612 1169 quem
628 1133 804 1162 Alexander
816 1141 876 1162 non
890 1133 1009 1167 eodem,
1026 1141 1087 1169 quo

99 1177 217 1202 ceteras
233 1173 384 1209 pecudes,
407 1173 506 1203 animo
528 1174 720 1204 aestimabat.
759 1175 897 1211 Namque
920 1174 969 1204 ille
984 1183 1041 1204 nec
1057 1174 1086 1203 iu

100 1214 192 1244 dorso
208 1213 341 1244 insidere
357 1223 413 1244 suo
427 1215 596 1251 patiebatur
607 1216 697 1245 alium
710 1221 738 1246 et
753 1224 870 1252 regem,
891 1224 984 1253 quum
996 1217 1090 1246 vellet

98 1256 281 1291 ascendere,
307 1261 417 1293 sponte
437 1265 536 1293 genua
552 1257 731 1287 submittens
753 1257 926 1295 excipiebat
941 1258 1086 1287 credeba-

60 1303 206 1334 i9tu1·que
223 1297 343 1333 sentire,
361 1306 451 1335 quem
465 1299 596 1328 veheret.
617 1299 732 1329 Maiore
745 1308 828 1336 ergo,
845 1307 935 1336 quam
948 1300 1086 1335 decebat,

99 1339 142 1368 ira
158 1339 293 1369 simulac
306 1340 412 1369 dolore
425 1340 594 1370 stimulatus
606 1349 718 1377 equum
731 1341 876 1379 vestigari
891 1341 975 1371 iubet
989 1346 1019 1371 et
1032 1350 1087 1378 per

98 1381 291 1418 interpretem
313 1382 516 1418 pronuntiari,
543 1383 573 1411 ni
594 1383 816 1418 reddidissent,
843 1383 995 1413 neminem
1014 1392 1087 1413 esse

100 1423 256 1452 victurum.
300 1424 362 1452 Hae
389 1424 616 1454 denuntiatione
642 1425 735 1455 territi
761 1433 829 1454 cum
856 1424 965 1455 ceteris
995 1424 1086 1455 donis

58 1470 211 1501 20equum
227 1465 389 1494 adducunt.
431 1465 493 1495 Sed
508 1474 546 1495 ne
561 1466 605 1495 sic
622 1467 745 1504 quidem
761 1466 913 1504 mitigatus
929 1467 1017 1496 caedi
1035 1466 1086 1496 sil-

101 1514 155 1536 vas
178 1505 259 1535 iubet
280 1511 468 1543 aggestaque
489 1508 580 1537 humo
603 1516 621 1537 e
642 1508 795 1538 montibus
819 1508 973 1545 planitiem
993 1508 1086 1538 ramis

55 1547 272 1584 eiiinpeditam
294 1548 481 1584 exaggerari.
524 1550 585 1578 lam
606 1550 793 1586 aliquantum
816 1549 982 1580 altitudinis
1005 1558 1086 1587 opus

98 1594 243 1624 creverat,
262 1598 355 1626 quum
368 1590 497 1626 barbari,
514 1591 687 1627 desperato,
703 1591 868 1628 regionem,
887 1600 978 1629 quam
994 1600 1085 1622 oceu-

97 1636 252 1668 pavemnt,
268 1639 363 1668 posse
378 1631 511 1667 retineri,
527 1636 647 1669 gentem
660 1642 746 1662 suam
760 1633 915 1663 dedidere.
940 1634 1015 1671 Rex,
1032 1634 1086 1663 ob-

98 1672 214 1702 sidibus
230 1673 375 1710 acceptis,
392 1673 532 1703 Phradati
549 1682 656 1710 parere
672 1683 727 1704 eos
743 1674 841 1704 iussit.

55 1718 89 1744 22
176 1714 242 1751 (18)
265 1715 338 1744 Inde
361 1714 465 1751 quinto
488 1715 537 1745 die
560 1716 590 1745 in
613 1717 722 1746 stativa
741 1717 910 1747 revertitur.
956 1717 1084 1746 Artaba-

99 1763 167 1785 zum
191 1756 316 1792 deinde,
341 1756 493 1793 geminato
519 1757 650 1794 honore,
677 1767 768 1796 quem
793 1759 911 1790 Dareus
938 1759 1087 1789 habuerat
