1215 1895
190 105 261 133 ΜΒ.
279 104 326 133 lll.
351 103 433 132 CAP.
450 102 497 137 tx,
513 101 667 131 5—CAP.
683 101 732 137 Xl,
748 107 772 131 1.
796 100 841 132 [m.
862 104 946 126 osi-22³.
968 100 1005 132 z.]
1075 101 1115 131 19

123 189 198 211 suos
225 179 379 214 inhibens,
407 186 444 207 ne
467 178 627 214 suspensi,
655 178 755 208 acrius
780 179 818 207 ob
843 178 963 207 nimiam
992 177 1114 206 festina-

100 223 235 252 4tIonem
261 221 409 251 concitato
435 220 558 257 spiritu,
587 225 787 256 capesserent
813 220 969 257 proelium.
1003 219 1114 255 Quum·

123 273 182 302 que
211 263 320 301 agmini
356 262 559 299 obequitaret,
597 261 680 290 varia
711 262 863 297 oratione,
901 265 933 290 ut
964 261 1115 298 cuiusque

121 307 229 335 animis
246 310 348 342 aptum
367 308 445 339 erat,
468 304 575 332 milites
598 304 819 340 alloquebatur.
850 303 1049 338 Macedones,
1073 306 1116 332 tot

122 349 268 377 bellorum
290 348 317 376 in
340 346 464 382 Europa
485 346 634 380 victum,
661 346 699 374 ad
721 346 922 382 subigendam
944 345 1049 374 Asiam
1071 349 1114 373 at-

123 398 182 427 que
204 390 305 419 ultima
329 388 454 417 orientis
481 396 540 416 non
564 387 661 424 ipsius
685 388 780 423 magis
825 395 916 424 quam
938 394 994 416 suo
1022 387 1115 415 ductu

99 443 113 467 5
123 431 264 469 profecti,
295 431 480 459 inveteratae
508 429 623 458 virtutis
651 430 902 459 admonebantur.
940 429 1027 464 Illos,
1056 432 1114 457 ter-

122 482 222 503 rarum
252 472 334 502 orbis
363 472 541 500 liberatores
577 478 782 508 emensosque
816 471 886 500 olim
919 470 1058 499 Herculis
1086 474 1116 499 et

123 515 218 545 Liberi
236 514 328 551 patris
344 513 504 547 terminos,
523 521 582 542 non
598 513 700 541 Persis
717 513 824 549 modo,
841 512 897 541 sed
914 512 1002 540 etiam
1020 512 1114 541 omni-

121 558 177 586 bus
205 557 344 593 gentibus
374 555 572 592 imposituros
607 555 725 591 iugum:
763 554 962 583 Macedonum
993 554 1114 590 provin-

121 600 183 628 cias
205 599 315 628 Bactra
336 601 366 626 et
387 597 479 626 Indos
502 598 576 626 sore.
614 596 736 625 Minima
757 604 843 631 esse,
867 603 947 632 quae
970 603 1050 624 nunc
1071 596 1114 624 in-

100 645 294 670 tituerentur:
317 640 372 668 sed
396 640 496 668 omnia
512 639 639 668 victoria
655 639 774 675 aperiri.
810 639 874 667 Non
893 638 922 666 in
939 638 1114 674 praeruptis

122 683 214 719 petris
230 682 400 720 lllyriorum
424 685 453 710 et
467 680 613 710 Thraciae
632 681 716 709 saxis
733 681 864 709 sterilem
882 680 1017 709 laborem
1034 679 1114 708 soret

121 724 218 761 spolia
244 724 335 753 totius
358 723 483 752 orientis
499 722 611 751 offerri.
648 722 707 750 Vix
734 722 835 758 gladio
862 722 994 751 futurum
1019 729 1114 758 opus:

121 770 210 795 totum
241 766 335 793 aciem
361 773 418 793 suo
447 772 559 800 pavore
587 764 782 793 fluctuantem
810 764 992 793 umbonibus
1019 771 1114 800 posse

98 807 259 844 Tpropelli.
295 807 400 835 Victor
426 807 463 835 ad
492 806 567 834 haee
590 805 820 834 Atheniensium
843 805 1001 841 Philippus
1029 809 1114 841 pater

120 848 326 884 invocabatur,
343 848 536 884 domitaeque
552 855 650 884 nuper
662 848 808 876 Boeotiae
824 852 853 876 et
869 847 952 876 urb1s
966 846 994 874 in
1011 854 1048 875 ea
1060 855 1113 875 no·

121 891 299 926 bilissimae,
327 890 366 918 ad
393 891 490 919 solum
516 890 649 924 dirutae,
677 890 799 926 species
828 888 1114 925 repraesentabatur

119 933 236 962 animis.
260 932 320 961 lam
335 932 498 961 Granicum
515 939 641 966 amnem,
659 932 716 960 iam
734 935 776 960 tot
788 932 879 960 urbes
893 935 944 960 aut
956 938 1113 967 expugna-

118 979 164 1004 tas
187 977 238 1004 aut
260 974 288 1002 in
311 974 401 1002 fidem
425 978 568 1010 acceptas
607 973 784 1010 omniaque,
808 980 887 1009 quae
910 976 981 1009 post
996 976 1113 1009 tergum

119 1020 218 1050 erant,
249 1019 344 1044 strata
370 1020 400 1044 et
423 1015 555 1051 pedibus
585 1016 721 1052 ipsorum
752 1015 889 1044 subiecta
915 1015 1112 1043 memorabat.

96 1058 217 1094 gQuum
234 1057 350 1086 adierat
366 1058 517 1092 Graecos,
530 1056 737 1092 admonebat,
755 1057 792 1085 ab
808 1056 855 1084 his
872 1056 1014 1092 gentibus
1030 1056 1112 1084 illata

121 1099 267 1128 Graeciae
296 1099 375 1127 bella
405 1099 494 1127 Darei
524 1099 624 1135 prius,
661 1098 772 1126 deinde
800 1097 910 1126 Xerxis
942 1097 1112 1132 insolentia,

119 1148 230 1177 uquam
256 1139 342 1176 ipsos
369 1144 542 1176 terramque
569 1139 773 1177 poscentium,
800 1143 833 1168 ut
860 1147 959 1175 neque
987 1139 1113 1168 sontium

96 1183 262 1213 9haustum
289 1189 344 1210 nec
366 1182 473 1210 solitos
497 1182 583 1211 cibos
607 1181 815 1217 relinquerent
835 1181 956 1210 deditis.
992 1181 1041 1210 Ab
1065 1181 1111 1210 liis

119 1224 230 1260 templa
254 1223 349 1252 ruinis
372 1227 401 1251 et
423 1223 543 1259 ignibus
570 1231 640 1252 esse
668 1223 782 1257 deleta,
812 1222 905 1251 urbes
932 1230 1037 1252 eorum
1060 1231 1113 1252 ex-

120 1268 278 1302 pugnatas,
295 1265 420 1293 foedera
435 1264 528 1293 divini
542 1264 727 1300 humanique
742 1265 814 1293 iuris
829 1265 939 1294 violata
951 1265 1111 1294 referebat.

119 1307 238 1344 Illyrios
264 1314 337 1335 vero
365 1310 394 1335 et
413 1306 564 1342 Thracas,
592 1310 679 1343 rapto
702 1306 805 1335 vivere
829 1310 988 1342 assuetos,
1015 1306 1111 1336 aciem

119 1349 248 1378 hostium
264 1356 338 1377 auro
355 1356 554 1385 purpuraque
570 1349 732 1385 fulgentem
750 1348 857 1377 intueri
875 1348 1005 1383 iubebat,
1024 1356 1111 1385 prae-

77 1390 201 1425 lodam‚
227 1398 288 1419 non
317 1398 400 1419 arma
425 1394 603 1426 gestantem.
641 1391 721 1419 lrent
741 1394 771 1419 et
792 1389 963 1418 imbellibus
993 1390 1111 1419 seminis

116 1440 221 1462 aurum
233 1432 288 1461 viri
301 1432 461 1468 eriperent.
482 1433 604 1468 Aspera
617 1432 763 1461 montium
776 1439 900 1461 suorum
915 1431 985 1467 iuga
998 1432 1111 1460 nudas-

117 1481 176 1510 que
203 1475 296 1503 ealles
322 1478 352 1503 et
376 1478 524 1510 perpetuo
552 1474 685 1510 rigentes
715 1474 785 1510 gelu
811 1473 923 1502 ditibus
950 1473 1110 1502 Persarum

116 1516 231 1552 campis
246 1516 391 1552 agrisque
407 1520 564 1545 mutarent

531 1582 625 1611 CAP.
648 1581 698 1610 XI.

98 1646 112 1670 l
202 1639 270 1675 (26)
293 1640 354 1669 lam
371 1640 410 1669 ad
425 1640 474 1669 teli
490 1642 600 1669 iactum
617 1644 826 1676 pervenerant,
844 1649 936 1678 quum
948 1641 1109 1671 Persarum

119 1681 237 1718 equites
265 1682 406 1711 ferociter
426 1682 455 1711 in
481 1683 599 1711 laevum
621 1689 716 1711 cornu
739 1682 868 1712 hostium
892 1684 1002 1712 invecti
1024 1687 1108 1712 sunt:

118 1723 232 1760 quippe
253 1723 369 1753 Dareus
391 1723 527 1760 equestri
551 1724 667 1760 proelio
690 1723 856 1753 decernere
863 1725 1011 1796 2⁰?me
1035 1725 1108 1762 pha-
