1215 1905
134 106 198 135 226
479 106 511 141 Q.
536 105 691 134 CURTII
711 105 820 135 RUFI

134 181 265 210 fiduciae
280 188 316 209 ac
332 179 399 215 spei
415 181 524 216 plenus
540 181 656 209 alacres
672 180 780 210 milites
797 190 880 210 arma
896 189 1005 218 capere
1019 187 1049 211 et
1065 190 1111 211 ex-

134 224 177 250 ire
205 222 232 250 in
259 221 354 250 aciem
379 220 471 250 iubet.
515 221 576 250 Sed
595 238 628 242 —
651 221 732 250 haud
754 223 892 257 traditur,
919 226 1053 258 metune,
1079 232 1117 252 an

135 264 242 292 oborta
258 262 407 291 seditione
428 263 504 291 inter
525 262 611 298 ipsos
637 280 676 283 —
702 264 801 294 subito
829 265 1027 300 profugerunt
1051 264 1116 293 bar-

135 304 213 333 bari:
230 308 311 333 certe
327 303 414 332 avios
430 308 547 332 montes
564 308 593 332 et
608 303 768 340 impeditos
786 310 1025 342 occupaverunt:
1043 314 1117 341 quo-

134 354 200 374 rum
215 353 321 381 agmen
339 353 391 373 rex
409 345 517 374 frustra
533 350 711 381 persecutus
728 346 941 382 impedimenta
956 346 1043 382 cepit.

215 386 282 423 (18)
309 386 489 415 Perventum
510 387 620 415 deinde
642 392 688 416 est
712 388 751 416 ad
773 388 918 424 oppidum
942 387 1160 425 Oxydraca-26

135 437 216 461 rum,
243 428 273 456 in
290 428 373 463 quod
390 427 528 463 plerique
543 428 754 464 confugerant,
783 429 861 458 baud
879 429 992 458 maiore
1007 428 1118 457 fiducia

136 470 304 503 moenium,
326 477 416 504 quam
437 477 596 498 armorum.
638 470 700 498 lam
725 471 907 500 admovebat
930 479 998 504 rex,
1027 474 1160 506 quu1n27

136 516 220 539 vates
237 518 360 539 monere
376 518 444 539 eum
460 510 568 546 coepit,
587 519 623 539 ne
640 511 845 545 committeret,
858 517 908 540 aut
924 515 1004 540 certe
1017 511 1117 539 differ-

136 557 180 581 ret
196 551 401 580 obsidionem:
427 552 507 580 vitae
530 551 595 580 eius
617 552 784 587 periculum
806 553 934 582 ostendi.
976 553 1040 581 Rex
1062 553 1161 582 De-2&

135 593 329 629 mophontem
346 593 386 627 (is
402 601 532 629 namque
547 597 632 622 vates
648 598 724 627 erat)
739 594 867 628 intuens,
883 595 998 630 Siquis,
1012 593 1117 629 inquit,

135 642 161 664 ce
178 636 239 663 arti
252 639 318 663 tuae
337 636 473 663 intentum
491 638 518 662 et
537 639 607 663 exta
620 639 795 670 spectantem
814 637 856 664 sic
871 637 1040 672 interpellet,
1060 643 1117 663 non

134 677 273 709 dubitem,
298 677 367 711 quin
390 676 586 704 incommodus
608 684 644 704 ac
671 678 805 706 molestus
830 678 924 705 videri
947 677 998 705 tibi
1019 678 1118 712 possit.

135 718 171 746 Et
187 725 279 753 quum
296 717 344 744 ille
365 716 405 745 ita
421 725 549 753 prorsus
566 717 696 745 futurum
719 718 946 754 respondisset,
971 718 1162 748 Censesne,29

134 759 240 794 inquit,
263 763 360 786 tantas
380 767 435 792 res,
458 766 516 787 non
533 759 679 794 pecudum
697 759 789 794 libras
806 764 873 788 ante
889 761 985 788 oculos
1002 759 1120 787 habenti

134 802 225 828 ullum
246 808 306 828 esse
323 801 417 828 maius
432 800 674 835 impedimentum,
697 809 784 836 quam
807 805 898 829 vatem
919 801 1118 836 superstitione

134 840 274 876 captum?
314 841 374 869 Nec
391 840 512 875 diutiuS,
529 849 618 876 quam
634 841 800 876 respondit,
815 845 949 870 moratus
964 840 1162 870 admoveriso

135 882 217 910 iubet
244 882 343 910 scalas
370 881 642 917 cunctantibusque
668 881 776 910 ceteris
803 882 904 910 evadit
934 882 963 910 in
990 889 1117 910 murum.

135 926 274 958 Angusta
289 923 364 950 muri
381 931 494 952 corona
509 927 586 951 erat:
603 930 663 951 non
679 923 805 959 pinnae,
832 923 910 952 sicut
925 923 1009 957 alibi,
1035 923 1116 951 fasti-

135 965 215 1000 gium
232 964 297 993 eius
314 963 528 997 distinxerant,
551 964 606 992 sed
621 968 767 999 perpetua
782 964 877 992 lorica
892 964 1023 992 obducta
1038 968 1116 992 tran-

135 1006 224 1034 situm
241 1009 390 1040 sepserat.
433 1006 538 1040 Itaque
554 1012 608 1033 rex
629 1004 772 1033 haerebat
793 1005 888 1041 magis
910 1013 998 1040 quam
1022 1005 1158 1034 stabatat

135 1047 163 1075 in
185 1047 333 1082 margine,
360 1046 469 1083 clypeo
489 1046 624 1081 undique
649 1045 811 1075 incidentia
835 1047 893 1075 tela
918 1046 1117 1082 propulsans:

136 1097 204 1117 nam
220 1088 333 1123 ubique
355 1087 471 1115 eminus
499 1095 536 1115 ex
562 1087 693 1116 turribus
719 1088 885 1123 petebatur.
928 1087 990 1115 Nec
1016 1086 1160 1116 subire32

135 1129 243 1158 milites
268 1133 416 1165 poterant,
443 1128 513 1164 quia
538 1136 669 1164 superne
695 1128 724 1156 vi
751 1129 877 1157 telorum
903 1128 1115 1157 obruebantur.

133 1171 267 1199 Tandem
283 1169 518 1205 magnitudinem
535 1169 661 1206 periculi
686 1170 786 1205 pudor
802 1170 886 1198 vicit:
913 1169 1028 1205 quippe
1053 1177 1116 1198 cer-

137 1213 262 1246 nebant,
285 1210 475 1240 cunctatione
492 1219 547 1239 sna
562 1211 631 1239 dedi
647 1210 786 1240 hostibus
801 1219 911 1247 regem.
954 1210 1015 1240 Sed
1037 1209 1160 1239 festi-33

135 1254 236 1281 nando
253 1253 446 1281 morabantur
461 1251 581 1280 auxilia.
615 1252 688 1280 Nam
703 1252 774 1280 dum
790 1261 844 1288 pro
857 1260 890 1281 se
907 1252 1038 1288 quisque
1054 1259 1116 1280 cer·
1133 1256 1138 1261 ·

134 1299 176 1323 tat
191 1295 332 1328 evadere,
348 1301 514 1322 oneravere
529 1293 643 1321 scalas:
669 1292 737 1328 quis
753 1302 811 1322 nou
829 1293 1050 1322 sufficientibus
1065 1293 1117 1321 de-

133 1335 229 1364 voluti
246 1334 365 1363 unicam
381 1342 466 1370 spem
481 1333 562 1369 regis
579 1334 755 1363 fefellerunt.
789 1334 893 1363 Stabat
908 1334 987 1363 enim
1001 1333 1031 1362 in
1047 1342 1117 1363 con-

135 1381 242 1413 spectu
259 1375 329 1405 tanti
345 1375 506 1410 exercitus,
522 1376 603 1404 velut
619 1374 647 1403 in
665 1375 826 1404 solitudine
839 1375 1008 1404 destitutus.

568 1443 661 1471 CAP.
691 1444 723 1471 V.

221 1502 288 1537 (19)
300 1503 424 1537 Iamque
439 1502 565 1535 laevam,
582 1510 642 1537 qua
658 1502 799 1538 clypeum
814 1501 853 1529 ad
869 1500 945 1529 ictus
962 1500 1116 1529 circumre-
1129 1504 1143 1528 1

134 1544 228 1577 rebat,
240 1544 416 1577 lassaverat,
430 1542 627 1571 clamantibus
639 1542 753 1574 amicis,
770 1547 802 1571 ut
816 1542 854 1570 ad
870 1542 956 1578 ipsos
972 1540 1114 1574 desiliret,

135 1585 316 1621 stabantque
333 1583 504 1620 excepturi:
532 1592 623 1619 quum
644 1583 693 1612 ille
709 1591 772 1612 rem
786 1592 880 1612 ausus
896 1587 944 1612 est
957 1581 1115 1611 incredibi-

135 1627 193 1654 lem
209 1630 300 1661 atque
316 1625 479 1654 inauditam
496 1625 650 1661 multoque
665 1625 761 1660 magis
777 1625 816 1653 ad
837 1625 945 1652 samam
967 1622 1114 1652 temerita-

134 1667 172 1695 tis
189 1675 279 1702 quam
300 1667 414 1702 gloriae
439 1665 598 1702 insignem.
637 1666 773 1702 Namque
798 1665 827 1694 in
855 1665 958 1694 urbem
984 1663 1144 1693 hostiuma

134 1709 255 1743 plenam
271 1707 428 1744 praecipiti
445 1708 522 1736 saltu
539 1707 702 1743 semetipse
718 1706 852 1740 immisit,
871 1714 962 1742 quum
978 1705 1029 1734 vix
1045 1713 1113 1741 spe-
