1215 1905
199 112 271 141 LIB.
289 113 353 141 Vll.
377 112 458 142 CAP.
474 113 510 148 V,
529 116 647 143 1948.
667 122 725 150 [vn.
738 123 823 143 22-24.
836 121 873 148 Ζ.)
997 109 1058 140 157

66 188 192 218 Graecia
218 188 346 224 rediret,
373 188 555 218 transierant
581 193 611 218 et
637 188 666 218 in
692 197 728 217 ea
750 189 825 217 sede
847 187 1057 221 constiterant,

65 229 135 268 quia
160 231 323 267 templum,
355 231 438 268 quod
464 230 634 268 Didymeon
662 231 848 267 appellatur,
874 229 905 259 in
932 229 1058 267 gratiam

22 271 172 304 29Xerxis
198 272 397 302 violaverant.
446 272 548 301 Mores
575 272 664 309 patrii
689 271 825 301 nondum
852 272 1059 306 exoleverant,

65 314 121 343 sed
142 313 201 343 iam
223 314 373 351 bilingues
401 318 500 348 erant,
528 314 673 350 paulatim
693 322 711 342 a
732 314 904 343 domestico
932 317 1059 343 externo

66 363 208 385 sermone
234 356 414 392 degeneres.
457 356 569 392 Magno
596 355 686 393 igitur
710 355 822 392 gaudio
850 363 953 392 regem
977 354 1059 384 exci-

68 397 168 434 piunt,
198 398 304 427 urbem
325 406 422 435 seque
445 397 602 427 dedentes.
647 398 700 427 Ille
721 396 875 432 Milesios,
903 397 954 433 qui
978 397 1061 434 apud

24 439 167 476 scipsum
188 439 362 475 militarent,
385 440 550 469 convocari
566 440 658 468 iubet.
705 441 802 468 Vetus
825 439 928 469 odium
949 438 1061 468 Milesii

67 481 214 517 gerebant
234 481 264 510 in
281 481 520 511 Branchidarum
540 486 660 517 gentem
678 481 859 517 proditionis
876 489 960 518 ergo.
995 480 1061 515 His,

69 524 134 552 sive
161 523 303 559 iniuriae,
329 523 394 552 sive
417 523 543 560 originis
565 523 742 552 meminisse
768 523 906 558 mallent,
932 522 1061 552 liberum

25 568 55 595 31
67 565 105 594 de
117 565 300 594 Branchidis
314 565 457 602 permittit
468 565 634 594 arbitrium.
655 564 854 594 Variantibus
867 564 978 594 deinde
991 573 1061 593 sen—

69 606 186 643 tentiis,
217 615 251 636 se
276 607 378 644 ipsum
404 606 684 643 consideraturum,
711 608 785 644 quid
808 607 953 643 optimum
980 607 1061 635 sactu

68 652 160 683 esset,
178 649 320 678 ostendit.
343 649 470 678 Postero
487 649 536 677 die
553 649 784 678 occurrentibus
803 647 996 684 Branchidis,
1013 656 1059 677 se-

68 698 137 719 cum
152 691 321 726 procedere
337 690 428 720 iubet.
465 691 625 728 Quumque
646 691 686 720 ad
707 692 813 720 urbem
828 695 951 720 ventum
968 695 1062 725 esset,

25 731 134 768 tuipse
157 740 226 761 cum
248 733 391 770 expedita
413 741 504 762 manu
526 737 645 769 portam
661 733 765 762 intrat:
793 733 925 769 phalanx
942 733 1064 762 moenia

68 773 175 810 oppidi
188 774 347 803 circumire
362 774 448 804 iussa
460 779 497 809 et,
514 775 584 804 dato
599 775 696 811 signo,
714 774 846 811 diripere
859 775 974 809 urbem,
991 782 1061 811 pro—

27 815 199 846 aeduorum
218 817 462 852 receptaculum,
490 816 640 853 ipsosque
663 817 702 846 ad
724 825 817 846 unum
839 817 979 845 caedere.
1017 815 1062 844 Illi

70 857 201 886 inermes
223 857 339 894 passim
364 858 565 893 trucidantur,
587 867 644 887 nec
666 863 718 888 aut
740 858 923 888 commercio
941 857 1062 894 linguae

69 903 120 928 aut
135 899 310 936 supplicum
325 900 504 929 velamentis
521 900 728 937 precibusque
746 900 876 930 inhiberi
898 899 1062 930 crudelitas

70 944 180 978 potest.
221 941 371 977 Tandem,
394 945 425 970 ut
440 941 605 971 deiicerent
621 943 816 972 fundamenta
832 950 1001 977 murorum,
1024 941 1062 970 ab

28 983 127 1012 &timo
144 982 315 1018 moliuntur,
332 992 370 1012 ne
387 984 470 1020 quod
486 983 570 1012 urbis
587 984 749 1021 vestigium
766 988 891 1014 extaret.
933 984 1062 1013 Nemora

71 1032 196 1060 quoque
217 1024 269 1063 [et]
293 1026 379 1054 lucos
400 1033 507 1054 sacros
528 1034 589 1054 uon
612 1026 743 1056 caedunt
764 1027 871 1061 modo,
899 1026 954 1055 sed
973 1026 1062 1055 etiam

70 1065 238 1102 extimant,
266 1071 296 1096 ut
315 1071 404 1096 vasta
426 1066 560 1096 solitudo
582 1072 612 1097 et
635 1068 747 1097 sterilis
766 1068 892 1104 humus,
920 1067 1063 1097 excussis

29 1109 61 1138 35
70 1108 159 1137 etiam
174 1108 340 1143 radicibus,
357 1109 553 1145 linqueretur.
589 1110 672 1145 Quae
688 1110 714 1139 si
731 1110 759 1139 in
776 1110 864 1147 ipsos
880 1109 1063 1146 proditionis

70 1153 212 1179 auctores
229 1150 402 1187 excogitata
418 1155 531 1187 essent,
548 1152 628 1181 iusta
639 1151 712 1181 ultio
727 1160 806 1183 esse,
824 1160 884 1181 non
898 1151 1064 1181 crudelitas

71 1191 240 1221 videretur:
267 1201 346 1222 nunc
369 1193 491 1229 culpam
516 1194 664 1223 maiorum
688 1194 802 1230 posteri
825 1194 924 1227 luere,
952 1192 1004 1230 qui
1025 1201 1064 1222 ne

72 1233 210 1263 viderant
235 1234 358 1271 quidem
380 1234 530 1269 Miletum,
559 1235 628 1264 ideo
652 1240 681 1264 et
702 1236 796 1264 Xerxi
818 1244 879 1264 non
903 1239 1064 1272 potuerant

73 1275 212 1312 prodere.

30 1320 63 1348 36
150 1316 217 1353 (24)
239 1318 314 1347 Inde
335 1318 488 1355 processit
509 1320 548 1347 ad
569 1319 692 1348 Tanaim
710 1328 838 1348 amnem.
871 1319 936 1355 Quo
953 1320 1060 1356 perdu-

73 1363 140 1388 ctus
156 1363 203 1388 est
216 1359 351 1395 Bessus,
367 1369 428 1390 non
445 1360 565 1390 vinctus
581 1362 688 1395 modo,
706 1362 762 1391 sed
778 1363 867 1391 etiam
883 1361 966 1391 omni
985 1362 1063 1391 vela-

73 1405 174 1430 mento
190 1402 330 1438 corporis
347 1403 507 1438 spoliatus.
553 1402 746 1440 Spitamenes
762 1412 830 1433 eum
847 1404 969 1433 tenebat
985 1404 1064 1432 collo

73 1442 189 1472 inserta
204 1448 325 1477 catena,
349 1448 409 1472 tam
426 1444 578 1480 barbaris,
601 1454 691 1481 quam
709 1445 930 1475 Macedonibus
946 1449 1065 1481 gratum
1094 1449 1101 1451 “

31 1485 290 1520 37spectaculun1.
314 1486 389 1514 Tum
405 1485 613 1523 Spitamenes,
633 1487 724 1522 Eme,
747 1487 859 1523 inquit,
882 1491 910 1516 et
923 1487 1065 1522 Dareum,

73 1534 158 1561 reyes
168 1534 259 1561 meos,
278 1528 356 1556 ultus
374 1528 591 1563 interfectorem
604 1529 715 1557 domini
730 1531 777 1558 sui
787 1529 918 1563 adduxi,
936 1537 970 1558 eo
981 1529 1065 1558 modo

72 1572 205 1604 captum,
225 1570 308 1597 cuius
326 1570 388 1605 ipse
403 1569 478 1604 fecit
491 1572 668 1607 exemplum.
690 1571 815 1607 Aperiat
829 1571 1066 1607 adhocspecta-

73 1611 171 1638 culum
189 1612 286 1639 oculos
297 1610 433 1640 Dareus!
456 1612 575 1640 Emistal
590 1612 628 1640 ab
645 1611 767 1647 inferis,
789 1614 840 1648 qui
855 1614 905 1642 illo
921 1615 1066 1650 supplicio

32 1653 65 1679 33
75 1651 213 1687 indeynus
227 1652 289 1687 suit
305 1656 333 1682 et
346 1653 400 1682 hoc
410 1654 513 1682 solatio
525 1654 632 1689 dianus
645 1653 707 1683 est!
730 1654 921 1690 Alexander,
939 1655 1063 1684 multum

74 1693 245 1723 collaudato
254 1693 439 1730 Spitamene,
454 1702 624 1724 conversus
637 1696 676 1724 ad
687 1695 827 1731 Bessum,
844 1696 941 1731 Cuius,
957 1696 1064 1733 inquit.

70 1734 160 1768 serae
179 1735 276 1765 rabies
298 1738 452 1773 occupavit
477 1738 607 1766 animum
629 1741 723 1773 mum,
750 1746 838 1774 quum
861 1746 959 1775 reqem
985 1738 1022 1768 de
1040 1742 1066 1767 te
