1215 1895
124 97 166 127 94
469 95 502 131 Q.
526 95 683 125 CURTII
704 96 813 128 RUFI

125 173 302 210 primusque
317 180 371 200 rex
387 171 514 201 dolabra
527 170 655 207 glaciem
671 170 864 207 perfringens
879 171 935 201 iter
950 171 1008 202 sibi
1022 172 1106 202 fecit:

123 214 297 250 exemplum
312 212 393 249 regis
410 212 503 242 ceteri
514 212 618 242 imitati
632 216 710 242 sunt.
743 212 876 242 Tandem
887 215 1108 250 propemodum
1118 219 1150 245 15
1187 212 1190 217 “

122 255 221 284 invias
237 254 332 284 silvas
347 253 464 284 emensi
484 253 608 284 humani
630 254 728 284 cultus
748 262 818 283 rara
837 254 968 292 vestigia
987 259 1017 286 et
1038 265 1107 293 pas-

126 296 183 326 sim
198 301 334 326 errantes
352 304 497 333 pecorum
512 304 622 333 greges
643 304 822 333 repperere:
850 301 880 326 et
899 296 1034 333 incolae,
1055 297 1108 334 qui

122 337 241 374 sparsis
257 337 384 374 tuguriis
400 337 583 372 habitabant,
602 346 694 374 quum
710 346 743 367 se
756 338 883 367 callibus
895 337 985 368 inviis
1000 343 1107 376 septos

121 387 193 409 esse
208 378 426 415 credidissent,
447 383 478 409 ut
494 386 687 416 conspexere
702 379 833 409 hostium
847 388 972 416 agmen,
988 379 1108 410 interse-

122 421 193 456 ctis,
211 420 263 457 qui
279 420 415 450 comitari
431 420 582 457 fugientes
597 429 657 450 non
680 425 835 457 poterant,
857 421 966 451 devios
987 425 1107 451 montes

121 467 151 492 et
165 462 286 491 nivibus
303 461 421 492 obsitos
437 462 618 499 petiverunt.
641 462 714 491 Inde
734 470 787 498 per
803 462 957 499 colloquia
972 463 1107 500 captivo·
1117 467 1150 493 16

122 513 186 533 rum
202 503 346 540 paulatim
362 503 479 534 feritate
494 503 641 540 mitigata.
665 503 816 533 tradidere
837 512 871 533 se
884 503 958 541 regi.
1000 505 1062 534 Nec
1076 504 1107 534 in

120 545 241 575 deditos
257 545 381 582 gravius
396 546 578 575 consultum.

203 586 340 616 Vastatis
355 586 427 616 inde
442 587 523 623 agris
539 585 672 615 Persidis
687 585 826 623 vicisque
843 587 1050 624 compluribus
1062 595 1107 616 re·
1117 591 1148 617 17

120 627 217 657 dactis
234 628 263 657 in
280 632 470 665 potestatem,
487 632 610 657 ventum
622 632 670 657 est
684 627 712 656 in
725 628 899 658 Mardorum
913 633 1032 665 gentem
1043 628 1107 658 bel-

121 669 247 698 licosam
259 674 289 699 et
299 670 424 699 multum
437 678 455 698 a
467 669 576 699 ceteris
584 669 685 699 Persis
698 670 779 699 cultu
792 670 872 699 vitae
884 670 1105 700 abhorrentem.

121 710 241 747 Specus
258 710 287 739 in
304 711 456 740 montibus
473 710 604 745 fodiunt,
632 710 661 739 in
684 719 762 747 quos
784 720 881 748 seque
902 720 938 742 ac
958 711 1106 748 coniuges

121 756 150 782 et
162 752 274 782 liberos
288 753 436 782 condunt:
453 761 600 790 pecorum
615 757 666 782 aut
680 753 809 783 serarum
825 761 916 783 carne
931 757 1106 783 vescuntur.

120 794 163 823 Ne
186 793 306 824 feminis
328 794 451 831 quidem
472 802 528 831 pro
552 798 678 824 naturae
703 794 806 824 habitu
828 794 966 824 molliora
986 793 1148 831 ingenia18

120 839 204 865 sunt:
232 844 338 865 comae
360 835 533 873 prominent
553 835 664 871 hirtae,
692 836 786 865 vestis
808 844 902 873 super
924 844 1024 873 genua
1048 840 1104 870 est,

120 877 213 907 sunda
229 876 365 908 vinciunt
380 878 522 907 frontem:
545 877 604 907 hoe
625 881 655 906 et
670 882 877 907 ornamentum
894 877 1002 915 eapitis
1018 881 1049 907 et
1064 881 1106 907 te-

118 920 180 948 lum
195 923 251 948 est.
274 919 337 948 Sed
352 919 430 949 hanc
446 927 570 956 quoque
586 923 706 955 gentem
721 919 801 948 idern
818 920 957 949 fortunae
973 919 1105 956 impetus
1116 924 1147 949 19

119 960 243 990 domuit.
279 961 384 998 Itaque
399 960 552 991 tricesimo
570 960 634 996 die,
650 965 813 997 postquam
829 969 846 989 a
861 960 1019 997 Persepoli
1035 969 1105 998 pro-

119 1003 217 1032 sectus
233 1006 313 1038 erat,
329 1003 438 1032 eodem
453 1002 552 1032 rediit.
583 1003 669 1032 Dona
685 1002 795 1032 deinde
810 1002 917 1032 amieis
933 1002 1148 1039 ceterisque20

120 1052 174 1079 pro
190 1043 341 1081 cuiusque
355 1044 462 1074 merito
478 1044 570 1074 dedit.
611 1044 832 1081 Propemodum
849 1043 965 1080 omnia,
981 1052 1060 1080 quae
1074 1043 1104 1072 iu

119 1093 156 1114 ea
172 1085 246 1114 urbe
262 1090 393 1122 ceperat,
410 1085 580 1115 diStributa.

547 1154 567 1182 C
575 1154 639 1182 ΑΡ.
664 1154 727 1182 vll.

199 1214 266 1250 (22)
283 1215 421 1244 Ceterum
433 1214 567 1251 ingentia
582 1214 672 1244 animi
687 1215 777 1250 bona,
793 1214 873 1244 illam
888 1214 1030 1250 indolem,
1047 1223 1107 1252 qua
1119 1219 1133 1244 1

119 1263 225 1285 omnes
240 1264 329 1292 reges
345 1255 524 1289 antecessit,
547 1255 627 1285 illam
642 1255 671 1285 in
687 1255 854 1285 subeundis
869 1255 1013 1292 periculis
1029 1264 1102 1286 con-

118 1296 267 1332 stantiam,
282 1297 312 1326 in
327 1298 420 1327 rebus
436 1296 597 1326 moliendis
613 1296 846 1334 efficiendisque
859 1297 1059 1334 velocitatem,
1074 1298 1103 1327 in

118 1338 239 1368 deditos
250 1338 350 1374 fidem,
364 1338 394 1368 in
407 1338 546 1375 captivos
559 1338 758 1374 clementiam,
774 1338 803 1367 in
817 1338 1024 1375 voluptatibus
1038 1347 1105 1376 per—

118 1379 221 1409 missis
247 1388 371 1417 quoque
391 1384 422 1410 et
441 1379 560 1410 usitatis
584 1379 826 1417 temperantiam,
853 1381 934 1410 haud
956 1380 1105 1410 tolerabili

117 1420 180 1450 vini
193 1421 357 1459 eupiditate
374 1421 518 1451 foedavit.
552 1422 648 1451 Hoste
668 1426 698 1451 et
713 1422 831 1451 aemulo
846 1422 931 1459 regni
946 1427 1106 1459 reparante
1116 1427 1134 1452 2

118 1463 313 1493 tummaxime
327 1464 448 1499 bellum,
464 1471 562 1500 nuper
577 1463 723 1499 subactis,
739 1472 818 1500 quos
834 1463 956 1499 vicerat,
977 1472 1103 1493 novum-

119 1513 178 1541 que
191 1504 351 1542 imperium
358 1504 604 1541 aspernantibus,
619 1505 656 1534 de
665 1504 714 1534 dle
726 1504 978 1540 inibateonvivia,
993 1504 1104 1542 quibus

117 1545 248 1576 feminae
263 1546 442 1582 intererant,
458 1555 519 1576 non
535 1547 673 1584 quidem,
691 1555 768 1583 quas
782 1545 890 1576 violari
906 1547 992 1576 nefas
1008 1550 1100 1581 esset,

118 1587 233 1624 quippe
250 1588 391 1624 pellices,
407 1587 562 1624 licentius,
579 1597 670 1625 quam
686 1588 828 1623 decebat,
845 1596 913 1617 curn
928 1592 1042 1617 armato
1060 1587 1102 1616 vi-

118 1636 189 1658 vere
205 1634 356 1659 assuetae.
378 1630 423 1659 Ex
439 1629 486 1659 his
502 1638 563 1659 una
576 1630 676 1666 Thais,
693 1634 723 1659 et
737 1629 806 1666 ipsa
821 1630 993 1664 temulenta,
1008 1628 1103 1658 maxi·
1113 1633 1132 1659 3

118 1678 196 1699 mam
218 1671 300 1707 apud
325 1679 431 1700 omnes
448 1671 582 1701 Graecos
602 1670 744 1701 initurum
763 1669 889 1707 gratiam
910 1670 1054 1706 affirmat,
1076 1669 1103 1699 si

117 1711 232 1748 regiam
256 1712 415 1742 Persarum
441 1712 584 1742 iussisset
609 1711 741 1742 incendi:
771 1716 934 1749 expectare
955 1711 1015 1742 hoc
1035 1718 1102 1747 eos,
