1215 1905
130 78 191 108 136
462 76 495 111 Q.
521 75 676 104 cURTll
699 75 806 104 RUFI

133 152 217 189 pacis
231 151 337 181 artium
352 155 381 179 ct
394 149 490 179 civilis
503 150 623 181 habitus
639 150 733 187 rudis,
748 154 835 180 vetus
847 149 943 187 miles,
958 151 995 179 ab
1009 149 1110 180 humili

133 193 239 223 ordine
254 193 293 221 ad
309 201 376 222 eum
392 192 531 228 gradum,
548 192 578 221 in
593 201 652 229 quo
674 197 744 221 tunc
760 196 837 227 erat,
857 196 1027 228 promotus:
1051 191 1109 229 qui,
1122 196 1140 221 2

134 234 302 264 tacentibus
329 232 452 268 ceteris,
477 233 587 262 stolida
611 232 737 262 audacia
763 234 848 263 ferox
871 233 1034 262 admonere
1056 241 1110 262 eos

134 277 247 312 coepit,
269 275 408 311 quotiens
425 274 489 303 suis
506 274 637 311 quisque
653 274 846 310 diversoriis,
869 282 947 310 quae
963 282 1110 310 occupas-

135 322 209 351 sent,
227 317 420 353 proturbatus
438 321 535 352 esset,
550 321 582 345 ut
596 320 792 353 purgamenta
808 323 964 344 servorum
979 315 1111 344 Philotae

135 358 342 395 reciperentur
357 366 409 392 eo,
426 358 506 386 unde
519 357 738 387 commilitones
754 357 932 393 expulisset.
967 357 1051 386 Auro
1068 364 1113 384 ar-
1124 359 1142 385 3

134 404 286 436 gentoque
301 398 440 428 vehicula
456 398 521 428 eius
538 403 647 428 onusta
663 398 731 428 totis
748 398 821 428 vicis
838 398 969 434 stetisse,
985 405 1020 426 ac
1033 405 1070 426 ne
1082 396 1112 425 in

136 440 274 469 viciniam
297 440 419 477 quidem
442 439 601 469 diversorii
618 448 800 476 quemquam
815 439 1051 469 commilitonum
1066 446 1112 467 re-

136 486 256 518 ceptum
269 490 348 517 esse,
365 481 418 510 sed
435 489 490 517 per
506 481 688 518 dispositos,
707 490 783 518 quos
799 489 891 517 supra
908 489 1046 509 somnum
1061 479 1113 508 ha-

136 524 239 558 hebat,
266 531 371 552 omnes
398 523 503 559 procul
530 523 698 559 relegatos,
724 531 761 551 ne
784 522 893 552 femina
915 522 965 550 illa
983 530 1113 551 murmu-

136 564 262 594 rantium
288 564 364 593 inter
386 572 420 592 se
446 563 565 593 silentio
588 564 690 593 verius
713 572 802 600 quam
825 572 900 592 sono
922 563 1113 592 excitaretur.

137 605 276 636 Ludibrio
303 605 329 634 ei
351 604 446 634 fuisse
471 605 603 634 rusticos
628 605 767 635 homines
794 605 992 642 Phrygasque
1012 608 1042 633 et
1061 604 1143 632 Pet-4

137 647 303 684 phlagonas
327 646 512 683 appellatos:
537 646 587 683 qui
607 655 667 676 non
686 647 894 680 erubesceret,
920 645 1048 674 Macedo
1062 653 1113 674 na-

137 693 198 724 tus,
215 687 352 717 homines
369 687 487 723 linguae
504 696 578 716 suae
594 696 649 724 per
664 688 855 724 interpretem
872 687 986 716 audire.
1028 687 1114 715 Nunc
1125 691 1142 715 5

136 738 189 758 cur
209 730 405 758 Hammonem
432 729 550 757 consuli
577 729 688 758 vellet?
714 729 843 758 eundem
868 728 949 757 Iovis
975 727 1114 764 arguisse

135 770 341 805 mendacium,
367 770 573 799 Alexandrum
588 770 681 799 filium
697 769 907 806 agnoscentis,
933 769 1048 798 scilicet
1062 776 1114 797 ve-

134 812 237 848 ritum,
263 820 300 840 ne
327 811 510 840 invidiosum
536 816 633 846 esset,
660 812 741 848 quod
763 811 803 840 dii
826 811 977 840 offerrent.
1019 810 1115 845 Quum
1126 813 1144 839 6

134 853 327 882 insidiaretur
342 851 432 888 capiti
448 852 528 888 regis
545 857 574 882 et
589 852 684 888 amici,
702 860 761 881 non
778 852 969 881 consuluisse
985 860 1052 880 eum
1067 851 1114 880 10-

134 903 216 924 vem:
243 902 322 923 nunc
338 894 375 923 ad
393 894 546 922 oraculum
562 893 692 930 mittere,
719 894 789 923 dum
811 898 895 930 pater
916 892 981 922 eius
1003 892 1114 922 sollici-

135 940 227 972 tetur,
255 935 305 972 qui
322 934 436 971 praesit
457 935 485 963 in
503 935 618 970 Media,
646 939 675 964 et
696 934 839 972 pecunia,
869 934 955 963 cuius
977 933 1116 963 custodia

136 976 299 1006 commissa
325 976 377 1012 sit,
404 976 539 1012 perditos
565 976 701 1005 homines
728 976 766 1005 ad
793 975 969 1004 societatem
991 974 1115 1004 sceleris

134 1018 277 1055 impellat.
300 1019 389 1054 Ipsos
405 1017 553 1046 missuros
569 1018 607 1046 ad
624 1018 793 1052 oraculum,
813 1025 872 1045 non
890 1016 940 1053 qui
955 1017 1057 1046 Iovem
1072 1015 1114 1044 in-
1127 1019 1143 1046 7

134 1063 303 1096 terrogent,
333 1059 415 1095 quod
442 1066 479 1087 ex
505 1067 576 1094 rege
601 1058 813 1095 cognoverint,
841 1058 897 1087 sed
927 1056 977 1094 qui
1003 1057 1114 1094 gratias

136 1105 240 1137 agant,
267 1100 318 1136 qui
334 1104 404 1129 vota
420 1108 474 1136 pro
490 1099 694 1129 incolumitate
709 1099 789 1136 regis
807 1098 909 1135 optimi
928 1099 1114 1135 persolvant.

135 1143 208 1171 Tum
223 1150 296 1171 vero
312 1140 455 1170 universa
472 1141 579 1170 concio
601 1149 731 1170 accensa
753 1146 812 1175 est,
835 1145 864 1170 et
878 1149 896 1169 a
912 1139 1049 1176 corporis
1065 1148 1114 1170 cu·
1126 1143 1145 1170 8

137 1183 274 1212 stodibus
290 1182 403 1212 initium
421 1183 545 1218 sactum,
562 1182 774 1217 clamantibus,
794 1181 1028 1217 discerpendum
1044 1189 1115 1210 esse

136 1224 316 1261 parricidam
333 1224 472 1252 manibus
489 1232 602 1253 eorum.
631 1224 665 1252 Id
682 1223 802 1260 quiden]
819 1222 964 1258 Philotas,
986 1222 1036 1259 qui
1048 1230 1114 1258 gra-

136 1265 220 1295 viora
247 1265 398 1301 supplicia
424 1269 578 1300 metueret,
604 1265 684 1293 haud
710 1272 784 1293 sane
810 1263 914 1300 iniquo
941 1263 1040 1293 animo
1062 1272 1114 1292 au<

136 1307 246 1336 dlebat.

219 1347 285 1384 (42)
306 1348 371 1376 Rex
387 1347 415 1376 in
433 1347 609 1376 concionem
625 1355 783 1382 reversus,
807 1345 871 1375 sive
886 1350 918 1375 ut
933 1346 962 1375 in
979 1345 1144 1376 custodia9

137 1397 260 1426 quoque
276 1393 442 1425 torqueret,
467 1389 531 1418 sive
546 1393 577 1417 ut
593 1387 764 1424 diligentius
781 1392 890 1417 cuncta
906 1391 1113 1424 cognosceret,

137 1430 295 1459 concilium
321 1431 349 1458 in
377 1434 530 1466 posterum
557 1429 635 1458 diem
662 1428 775 1458 distulit
800 1434 847 1464 et,
877 1437 1059 1465 qtiamquam
1085 1427 1119 1461 in-

137 1479 298 1508 vesperam
314 1470 476 1500 inclinabat
492 1471 573 1506 dies,
595 1475 693 1500 tamen
713 1470 827 1500 amicos
844 1470 1006 1499 convocari
1022 1469 1113 1499 iubet.

135 1513 171 1541 Et
187 1512 296 1542 ceteris
311 1512 431 1549 quidem
444 1512 591 1548 placebat,
607 1512 804 1540 Macedonum
820 1519 903 1540 more
920 1511 1006 1541 obrui
1022 1510 1115 1546 saxis,
1124 1515 1158 1540 10

135 1553 341 1590 Hephaestion
358 1558 456 1583 autem
473 1558 502 1582 et
518 1553 655 1582 Craterus
673 1558 701 1582 et
717 1553 836 1582 Coenus
858 1552 1013 1581 tormentis
1036 1551 1113 1580 veri-

135 1598 225 1624 tatem
242 1595 469 1631 exprimendam
483 1602 552 1624 esse
565 1594 714 1629 dixerunt,
726 1598 755 1623 et
766 1594 806 1623 illi
820 1601 953 1630 quoque,
970 1592 1019 1629 qui
1032 1592 1113 1621 aliud

136 1640 311 1671 suaserant,
333 1637 361 1665 in
378 1637 485 1665 horum
501 1636 678 1665 sententiam
694 1639 858 1665 transeunt.
894 1633 1024 1664 Consilio
1041 1638 1152 1670 ergoll

135 1676 277 1713 dimisso,
299 1677 504 1714 Hephaestion
524 1685 590 1706 cum
607 1677 727 1706 Cratero
744 1681 771 1705 et
788 1676 887 1705 Coeno
904 1676 942 1704 ad
959 1674 1111 1712 quaestio-

1172 146 1175 147 ’
1211 159 1215 183 1

1170 1891 1193 1905 m
