1215 1905
138 102 198 133 168
477 104 510 139 Q.
533 104 689 133 CURTIl
712 105 820 133 RUFI

137 178 233 207 riculo
250 186 341 214 quam
355 178 475 208 hostem
490 178 666 208 incessendi
687 187 760 208 cura
776 184 869 209 esset.
903 181 1063 211 Tormenta
1075 191 1122 212 sa-

136 219 189 248 luti
205 220 341 255 suerunt,
373 220 484 257 quibus
505 220 535 249 in
551 221 705 250 confertos
727 229 763 250 ac
784 226 896 251 temere
912 230 946 251 se
959 222 1122 254 offerentes

136 261 217 290 haud
234 261 345 290 frustra
360 270 494 291 excussa
509 265 580 292 sunt
595 262 662 291 tela.
690 262 816 293 Barbari
833 271 957 300 quoque
971 264 1121 301 ingentem
1134 271 1153 296 8

136 303 196 331 vim
209 302 385 339 sagittarum
396 303 536 333 infudere
546 303 671 338 ratibuS‚
688 303 803 341 vixque
818 305 912 334 ullum
924 304 978 335 fuit
993 310 1121 343 scutum,

137 344 221 380 quod
236 352 296 373 non
313 344 451 381 pluribus
467 344 557 374 simul
573 344 699 381 spiculis
712 347 928 382 perforaretur.

219 384 272 421 (37
308 386 432 423 lamque
448 391 545 416 terrae
561 391 642 416 rates
664 387 910 424 applicabantur,
934 397 1025 424 quum
1038 389 1120 419 acies
1134 395 1151 420 9

136 428 273 464 clypeata
281 428 437 465 consurgit
452 433 481 458 et
496 428 599 458 hastas
618 432 699 457 certo
716 428 793 464 ictu,
812 433 916 466 utpote
932 429 1026 459 libero
1042 430 1120 466 nisu,

135 469 222 498 mittit
237 477 253 497 e
268 469 399 499 ratibus:
416 474 445 499 et
457 474 489 499 ut
506 469 625 499 territos
637 469 883 508 recipientesque
896 479 994 507 equos
1007 471 1120 508 videre,

135 511 251 539 alacres
268 515 371 540 mutua
386 511 597 541 adhortatione
611 511 641 540 in
658 515 767 541 terram
783 512 944 542 desiluere.
980 513 1118 543 Turbatis
1130 519 1163 544 10

136 551 243 581 acriter
259 553 367 588 pedem
383 553 494 583 inferre
509 558 685 590 coeperunt.
707 553 850 590 Equitum
867 553 978 583 deinde
993 559 1119 592 turmae,

135 602 213 630 quae
239 594 373 623 frenatos
399 594 552 624 habebant
578 603 692 631 equos,
721 596 894 632 perfregere
923 596 1119 626 barbarorum

135 635 240 664 aciem.
282 635 404 665 Interim
426 635 518 666 ceteri
533 636 653 672 agmine
669 636 872 666 dimicantium
888 637 958 667 tecti
973 643 1118 674 aptavere

134 684 168 706 se
184 685 314 713 pugnae.
357 678 427 714 Ipse
443 686 512 713 rex,
535 678 618 714 quod
639 677 753 715 vigoris
769 687 861 715 aegro
883 679 983 708 adhuc
999 681 1156 716 corporill

134 718 252 754 deerat,
278 718 368 747 animi
390 719 528 749 firmitate
550 720 720 756 supplebat.
763 721 834 749 Vox
850 721 1036 751 adhortantis
1057 730 1118 750 non

133 764 252 796 poterat
272 759 384 796 audiri,
411 761 545 790 nondum
567 762 646 790 bene
668 762 800 791 obducta
823 762 962 791 cicatrice
979 763 1116 799 cervicis,

134 802 189 830 sed
205 801 397 831 dimicantem
414 802 513 831 cuncti
527 802 680 832 videbant.
723 804 829 839 Itaque
851 803 909 840 ipsi
926 804 1048 839 quidem
1064 804 1115 833 du-
1128 810 1160 834 12

133 851 200 871 cum
215 843 417 880 fungebantur
429 843 532 873 officio
543 843 682 880 aliusque
695 844 785 873 alium
796 845 944 874 adhortati
958 844 986 873 in
997 845 1115 875 hostem

133 885 238 914 salutis
261 885 453 914 immemores
475 894 564 915 ruere
580 890 755 922 coeperunt.
796 887 869 915 Tum
884 895 957 916 vero
974 895 1035 916 non
1053 895 1114 923 ora,
1126 892 1159 917 13

132 934 191 955 non
206 935 303 962 arma,
328 936 387 956 non
405 928 567 956 clamorem
583 928 715 957 hostium
730 928 850 956 barbari
866 928 995 957 tolerare
1010 932 1115 964 potue-

131 972 208 1004 runt,
224 977 393 1005 omnesque
410 969 516 998 effusis
532 969 848 1005 habenis—namque
864 969 1017 1005 equestris
1032 969 1115 999 acies

131 1014 418 1047 erat-capessunt
432 1011 542 1047 sugam.
561 1011 643 1046 Quos
653 1019 717 1046 rex,
731 1019 915 1047 quamquam
922 1012 1115 1040 vexationem

130 1051 254 1080 invalidi
272 1052 411 1088 corporis
428 1052 489 1088 pati
506 1061 566 1081 non
583 1056 709 1088 poterat,
726 1060 780 1089 per
790 1053 895 1081 LXXX
906 1056 1005 1081 tamen
1018 1053 1116 1082 stadia

130 1092 250 1129 insequi
268 1094 485 1130 perseveravit.
520 1095 645 1130 Iamque
662 1094 818 1130 linquente
833 1094 933 1123 animo
949 1094 1013 1123 suis
1029 1099 1157 1131 prae-14

131 1134 221 1170 cepit,
237 1140 277 1170 ut,
295 1136 393 1164 donec
406 1135 483 1164 lucis
496 1135 610 1172 aliquid
627 1139 814 1172 superesset,
832 1135 1006 1171 fugientium
1022 1135 1114 1172 tergis

131 1175 337 1206 inhaererent:
355 1177 430 1213 ipse,
449 1177 606 1206 exhaustis
623 1177 711 1206 etiam
724 1177 815 1206 animi
830 1177 952 1211 viribus,
969 1177 998 1206 in
1015 1182 1115 1207 castra

130 1226 163 1246 se
179 1219 303 1254 recepit.
336 1219 497 1255 Reliquum
516 1219 634 1256 [agmen
652 1219 733 1256 sero]
750 1218 889 1248 substitit.
923 1219 1154 1249 Transierantl5

129 1259 187 1287 iam
209 1260 307 1289 Liberi
328 1260 423 1289 Patris
446 1261 604 1294 terminos7
631 1268 758 1296 quorum
780 1264 974 1289 monumenta
995 1261 1113 1297 lapides

129 1306 227 1335 erant,
252 1302 365 1330 crebris
382 1301 547 1330 intervallis
569 1301 725 1338 dispositi,
753 1302 940 1338 arboresque
956 1310 1111 1338 procerae,

130 1351 257 1378 quarum
284 1343 403 1380 stipites
431 1344 544 1372 hedera
569 1347 759 1372 contexerat:
787 1343 841 1371 sed
863 1343 1047 1372 Maeed6nas
1070 1343 1113 1373 ira
1124 1348 1154 1374 16

129 1384 249 1420 longius
264 1385 419 1421 provexit:
437 1385 550 1421 quippe
567 1385 665 1413 media
681 1386 743 1413 fere
760 1389 847 1414 nocte
859 1384 886 1412 in
901 1389 1001 1414 castra
1016 1384 1112 1414 redie-

128 1430 212 1460 runt,
240 1426 340 1455 multis
363 1426 546 1461 interfectis,
573 1426 709 1462 pluribus
727 1426 839 1462 captis,
862 1434 1022 1463 equosque
1038 1427 1067 1454 M
1083 1430 1113 1455 et

128 1467 224 1496 DCCC
240 1468 379 1504 abegere.
403 1467 584 1496 Ceciderunt
599 1473 698 1497 autem
707 1468 906 1497 Macedonum
921 1468 1040 1504 equites
1052 1468 1111 1503 LX,

129 1509 247 1543 pedites
262 1509 282 1538 C
299 1509 370 1544 sei-e,
387 1509 466 1538 mille
482 1509 576 1538 saucii
595 1510 723 1538 fuerunt.

211 1550 277 1585 (38)
320 1551 401 1580 Haec
428 1551 583 1587 expeditio
610 1551 800 1580 deficientem
828 1558 936 1587 magna
962 1559 1000 1579 ex
1028 1555 1111 1586 parte
1121 1555 1150 1580 17

127 1591 232 1620 Asiam
255 1593 333 1620 sama
354 1597 414 1621 tam
437 1596 626 1629 opportunae
649 1592 791 1621 victoriae
814 1592 936 1621 domuit.
978 1591 1109 1620 Invictos

129 1632 259 1670 Scythas
281 1642 351 1662 esse
374 1634 580 1663 crediderant:
609 1634 719 1670 quibus
742 1633 844 1662 fractis
860 1634 970 1662 nullam
989 1636 1109 1669 gentem

127 1674 326 1703 Macedonum
343 1676 433 1704 armis
447 1684 552 1712 parem
566 1676 630 1704 fore
644 1675 872 1705 confitebantur.
893 1675 998 1710 Itaque
1012 1673 1109 1704 Sacae

127 1716 237 1745 misere
254 1716 384 1753 legatos,
403 1717 454 1753 qui
470 1717 698 1753 pollicerentur,
719 1721 838 1752 gentem
854 1715 998 1752 imperata
1016 1716 1110 1747 sactu-
