1215 1905
141 130 203 160 206
484 128 517 163 Q.
540 128 694 157 CURTII
715 129 823 159 RUFI

142 204 258 233 mittere
284 203 339 238 illi⁷
368 211 458 239 quem
480 203 572 232 sciret.
602 203 716 239 gloriae
737 203 912 233 militantem
934 203 1006 233 nihil
1028 205 1124 242 magis

143 254 232 282 quam
249 246 358 273 famam
373 244 478 273 timere
493 243 650 280 perfidiae.

225 285 291 321 (43)
311 286 423 314 Laetus
444 284 635 321 simplicitate
653 285 774 315 barbari
787 294 843 315 rex
858 291 888 316 et
903 287 1039 316 dextram
1053 287 1125 317 fidei

142 336 216 357 suae
229 327 340 363 pignus
353 326 436 355 (ledit
448 330 477 355 et
487 334 614 363 regnum
626 327 764 356 restituit.
786 328 851 356 LVI
866 328 1018 364 elephanti
1031 333 1123 364 erant,
1134 334 1165 359 11

142 377 220 405 quos
236 367 357 398 tradidit
372 368 559 404 Alexandro,
574 368 726 404 multaque
738 377 852 405 pecora
867 369 995 399 eximiae
1010 370 1124 406 magni—

140 409 268 444 tudinis,
283 414 387 439 tauros
403 409 443 437 ad
454 409 493 437 111
509 408 605 444 milia,
620 410 786 445 pretiosum
803 410 832 439 in
848 419 883 439 ea
898 410 1023 447 regione
1037 419 1124 440 acce-

140 457 286 489 ptumque
302 450 409 479 animiS
422 450 610 486 regnantium
624 456 797 481 armentum.
822 451 981 487 Quaerenti
993 453 1167 482 Alexan-12
1185 464 1187 467 ⁴

140 494 210 527 dro,
227 493 330 529 plures
347 492 545 528 agricultores
562 492 702 528 haberet,
724 502 762 522 an
778 493 902 529 milites,
920 502 988 523 cum
1004 494 1124 523 duobus

139 534 264 571 regibus
277 532 400 563 bellanti
414 533 471 562 sibi
484 533 598 562 maiore
609 534 733 563 militum
750 543 839 570 quam
854 534 1019 570 agrestium
1033 543 1122 564 manu

139 584 218 612 opus
235 583 305 604 esse
320 574 488 611 respondit.
512 575 657 604 Abisares
671 580 700 604 et
711 575 807 604 Porus
823 580 916 611 erant,
933 576 988 605 sed
1002 576 1031 605 in
1046 576 1123 605 Poro
1134 579 1166 604 13

139 617 290 646 eminebat
305 615 480 646 auctoritas.
522 617 656 653 Uterque
668 617 746 646 ultra
760 617 929 655 Hydaspen
946 625 1064 646 amnem
1078 625 1124 646 re-

139 659 250 696 gnabat
265 663 295 687 et
309 657 380 686 belli
397 658 561 693 fortunam,
584 658 724 695 quisquis
740 667 823 687 arma
837 659 975 694 inferret,
991 658 1124 696 experiri

139 701 324 729 decreverat.
350 698 486 735 Omphis,
504 699 693 736 permittente
705 700 890 735 Alexandro,
908 705 937 730 et
950 700 1067 737 regium
1080 699 1166 729 iii-14

140 742 227 778 signe
249 740 378 777 sumpsit
401 745 431 769 et
451 749 535 770 more
556 741 654 777 gentis
677 750 751 771 suae
773 749 897 777 nomen,
924 742 1007 778 quod
1028 741 1122 778 patris

139 784 245 812 fuerat.
286 781 411 811 Taxilen
429 783 624 819 appellavere
641 784 819 819 populares,
842 787 988 819 sequente
1003 782 1125 812 nomine

138 824 312 861 imperium,
329 824 358 852 in
376 831 590 860 quemcunque
606 824 755 854 transiret.
791 824 884 862 Igitur
897 833 989 861 quum
1004 833 1060 862 per
1075 823 1164 854 tri-15

139 867 230 894 duum
246 865 436 901 hospitaliter
451 866 659 895 Alexandrum
674 866 861 903 accepisset,
884 870 991 902 quarto
1015 865 1064 895 die
1085 869 1123 901 et,

139 911 283 943 quantum
296 906 435 936 frumenti
450 907 555 944 copiis.
574 915 650 943 quas
662 907 869 944 Hephaestion
882 908 1018 943 duxerat,
1036 915 1123 943 prae-

137 949 230 978 bitum
245 957 264 977 a
278 956 312 978 se
328 953 426 984 esset,
452 949 584 978 ostendit
600 954 629 978 et
645 958 752 978 aureas
775 957 905 978 coronas
927 949 987 985 ipsi
1003 947 1121 977 amicis-

139 999 198 1028 que
221 990 376 1025 omnibus,
400 995 520 1027 praeter
541 991 615 1019 haec
639 991 747 1027 signati
763 990 879 1027 argenti
894 990 997 1018 LXXX
1012 990 1123 1018 talenta

138 1034 219 1062 dono
237 1032 328 1062 dedit.
374 1032 437 1067 Qua
458 1032 642 1068 benignitate
663 1033 728 1061 eius
746 1030 1013 1061 Alexander·1nire
1027 1031 1166 1060 laetuslfi

138 1079 181 1110 et,
204 1082 282 1111 quae
304 1073 329 1102 is
352 1073 493 1107 dederat,
521 1073 636 1102 remisit
656 1078 686 1103 et
706 1073 785 1102 mille
807 1074 917 1102 talenta
939 1081 978 1102 ex
998 1072 1123 1109 praeda,

139 1125 228 1152 (piam
244 1115 389 1150 vehebat,
411 1114 522 1144 adiecit
536 1116 689 1152 multaque
706 1114 876 1144 convivalia
891 1122 929 1143 ex
944 1122 1018 1143 auro
1034 1117 1064 1142 et
1077 1121 1124 1142 ar-

138 1162 227 1193 gento
245 1166 328 1192 vasa,
346 1157 507 1193 plurimum
522 1156 662 1186 Persicae
679 1156 783 1191 vestis,
798 1156 879 1186 XXX
891 1164 989 1192 equos
1005 1163 1042 1184 ex
1059 1154 1122 1184 suis

138 1208 205 1228 cum
231 1199 339 1228 iisdem
367 1198 553 1234 insignibus,
581 1197 649 1234 quis
672 1201 886 1232 assueverant,
909 1205 1002 1233 quum
1023 1197 1123 1232 ipsum

137 1242 291 1270 veherent.
335 1240 418 1275 Quae
440 1239 604 1268 liberalitas
627 1239 705 1268 sicut
728 1239 889 1268 barbarum
911 1237 1163 1272 obstrinxerat‚l7

137 1282 178 1311 ita
192 1282 307 1311 amicos
325 1281 422 1317 ipsius
439 1281 634 1309 vehementer
651 1280 785 1309 offendit.
811 1281 836 1309 E
853 1279 962 1316 quibus
972 1280 1124 1315 Meleager

138 1332 232 1360 super
254 1331 380 1352 coenam
402 1321 531 1357 largiore
553 1321 622 1350 vino
648 1330 723 1350 usus
739 1322 881 1357 gratulari
898 1330 931 1350 se
946 1321 1121 1349 Alexandro

138 1365 227 1398 dixit,
255 1363 337 1400 quod
360 1364 465 1392 saltem
487 1362 517 1391 in
539 1362 624 1391 India
645 1363 832 1399 repperisset
854 1363 977 1399 dignum
1003 1361 1123 1391 talentis

137 1407 226 1434 mille.
249 1406 315 1434 Rex
331 1405 411 1434 haud
427 1404 548 1438 oblituS,
566 1412 655 1440 quam
672 1413 762 1441 aegre
776 1404 902 1440 tulisset,
920 1403 1003 1440 quod
1018 1403 1124 1432 Clitum
1132 1406 1165 1432 18

139 1448 177 1477 ob
200 1447 319 1483 linguae
341 1446 540 1475 temeritatem
563 1445 741 1479 occidisset,
769 1446 843 1475 iram
870 1446 992 1482 quidem
1017 1444 1120 1478 tenuit,

139 1489 194 1517 sed
211 1487 294 1522 dixit,
311 1487 432 1517 invidos
448 1487 586 1517 homines
606 1488 679 1517 nihil
695 1488 777 1517 aliud
795 1496 884 1524 quarn
899 1487 1036 1524 ipsorum
1052 1493 1122 1515 esse

138 1534 296 1558 tormenta.

553 1598 574 1626 C
583 1598 609 1625 A
617 1598 647 1626 P.
673 1598 750 1626 XIII.

219 1654 286 1690 (44)
301 1656 427 1685 Postero
442 1655 490 1685 die
504 1655 593 1692 legati
606 1655 755 1685 Abisarae
768 1655 870 1684 adiere
882 1662 994 1690 regem.
1015 1652 1121 1682 Omnia
1134 1657 1148 1682 1

136 1696 239 1725 ditioni
256 1697 336 1731 eius,
354 1697 394 1726 ita
410 1702 442 1727 ut
457 1698 630 1726 mandatum
647 1701 727 1732 erat,
743 1695 968 1733 permittebant:
991 1695 1121 1723 firmata-

136 1746 196 1774 que
213 1737 342 1767 invicem
365 1739 425 1767 fide
447 1738 635 1767 remittuntur
657 1738 695 1767 ad
715 1746 827 1774 regem.
866 1736 974 1766 Porum
998 1736 1150 1772 quoque2

1198 1749 1207 1765 ⁶.
