<?xml version="1.0" encoding="UTF-8"?>
<!DOCTYPE html PUBLIC "-//W3C//DTD XHTML 1.0 Transitional//EN"
    "http://www.w3.org/TR/xhtml1/DTD/xhtml1-transitional.dtd">
<html xmlns="http://www.w3.org/1999/xhtml" xml:lang="en" lang="en">
 <head>
  <title>
</title>
<meta http-equiv="Content-Type" content="text/html;charset=utf-8" />
  <meta name='ocr-system' content='tesseract 3.04.00' />
  <meta name='ocr-capabilities' content='ocr_page ocr_carea ocr_par ocr_line ocrx_word'/>
</head>
<body>
  <div class='ocr_page' id='page_1' title='image "./degestisalexand00curtuoft_0108.png"; bbox 0 0 1215 1895; ppageno 0'>
   <div class='ocr_carea' id='block_1_1' title="bbox 103 74 788 111">
    <p class='ocr_par' dir='ltr' id='par_1_1' title="bbox 103 74 788 111">
     <span class='ocr_line' id='line_1_1' title="bbox 103 74 788 111; baseline -0.003 -5"><span class='ocrx_word' id='word_1_1' title='bbox 103 76 146 106; x_wconf 76' lang='lat'>80</span> <span class='ocrx_word' id='word_1_2' title='bbox 446 75 480 111; x_wconf 80' lang='lat' dir='ltr'>Q.</span> <span class='ocrx_word' id='word_1_3' title='bbox 503 75 660 105; x_wconf 87' lang='lat' dir='ltr'>CURTII</span> <span class='ocrx_word' id='word_1_4' title='bbox 681 74 788 105; x_wconf 88' lang='lat' dir='ltr'><strong>RUFI</strong></span> 
     </span>
    </p>
   </div>
   <div class='ocr_carea' id='block_1_2' title="bbox 103 148 1135 1726">
    <p class='ocr_par' dir='ltr' id='par_1_2' title="bbox 103 148 1133 1559">
     <span class='ocr_line' id='line_1_2' title="bbox 103 148 1087 188; baseline 0 -7"><span class='ocrx_word' id='word_1_5' title='bbox 103 151 256 188; x_wconf 80' lang='lat' dir='ltr'><strong>ingentes,</strong></span> <span class='ocrx_word' id='word_1_6' title='bbox 274 150 303 180; x_wconf 91' lang='lat' dir='ltr'>in</span> <span class='ocrx_word' id='word_1_7' title='bbox 320 149 507 180; x_wconf 85' lang='lat' dir='ltr'>altitudinem</span> <span class='ocrx_word' id='word_1_8' title='bbox 522 157 650 187; x_wconf 81' lang='lat' dir='ltr'><strong>pressae</strong></span> <span class='ocrx_word' id='word_1_9' title='bbox 664 150 704 179; x_wconf 91' lang='lat' dir='ltr'>ad</span> <span class='ocrx_word' id='word_1_10' title='bbox 718 148 929 187; x_wconf 86' lang='lat' dir='ltr'>accipiendum</span> <span class='ocrx_word' id='word_1_11' title='bbox 944 150 1087 188; x_wconf 83' lang='lat' dir='ltr'>impetum</span> 
     </span>
     <span class='ocr_line' id='line_1_3' title="bbox 103 190 1088 229; baseline 0 -7"><span class='ocrx_word' id='word_1_12' title='bbox 103 192 251 228; x_wconf 85' lang='lat' dir='ltr'>fluminis,</span> <span class='ocrx_word' id='word_1_13' title='bbox 268 192 367 229; x_wconf 72' lang='lat' dir='ltr'>quod,</span> <span class='ocrx_word' id='word_1_14' title='bbox 389 192 439 221; x_wconf 86' lang='lat' dir='ltr'>ubi</span> <span class='ocrx_word' id='word_1_15' title='bbox 455 191 615 228; x_wconf 86' lang='lat' dir='ltr'>appositae</span> <span class='ocrx_word' id='word_1_16' title='bbox 631 190 798 228; x_wconf 86' lang='lat' dir='ltr'><strong>crepidinis</strong></span> <span class='ocrx_word' id='word_1_17' title='bbox 814 191 965 228; x_wconf 80' lang='lat' dir='ltr'><strong>fastigium</strong></span> <span class='ocrx_word' id='word_1_18' title='bbox 980 200 1088 222; x_wconf 86' lang='lat' dir='ltr'>exces-</span> 
     </span>
     <span class='ocr_line' id='line_1_4' title="bbox 105 232 1088 270; baseline -0.001 -6"><span class='ocrx_word' id='word_1_19' title='bbox 105 234 151 266; x_wconf 83' lang='lat' dir='ltr'>sit,</span> <span class='ocrx_word' id='word_1_20' title='bbox 169 233 252 263; x_wconf 89' lang='lat' dir='ltr'>urbis</span> <span class='ocrx_word' id='word_1_21' title='bbox 265 238 343 263; x_wconf 88' lang='lat' dir='ltr'>tecta</span> <span class='ocrx_word' id='word_1_22' title='bbox 356 233 531 270; x_wconf 86' lang='lat' dir='ltr'>corriperet,</span> <span class='ocrx_word' id='word_1_23' title='bbox 547 232 605 262; x_wconf 91' lang='lat' dir='ltr'>nisi</span> <span class='ocrx_word' id='word_1_24' title='bbox 616 237 722 262; x_wconf 87' lang='lat' dir='ltr'>essent</span> <span class='ocrx_word' id='word_1_25' title='bbox 737 241 850 270; x_wconf 88' lang='lat' dir='ltr'>specus</span> <span class='ocrx_word' id='word_1_26' title='bbox 866 234 1022 270; x_wconf 88' lang='lat' dir='ltr'>lacusque,</span> <span class='ocrx_word' id='word_1_27' title='bbox 1036 233 1088 270; x_wconf 78' lang='lat' dir='ltr'>qui</span> 
     </span>
     <span class='ocr_line' id='line_1_5' title="bbox 103 274 1131 312; baseline 0 -7"><span class='ocrx_word' id='word_1_28' title='bbox 103 275 288 312; x_wconf 81' lang='lat' dir='ltr'>exciperent.</span> <span class='ocrx_word' id='word_1_29' title='bbox 322 274 427 304; x_wconf 89' lang='lat' dir='ltr'>Coctili</span> <span class='ocrx_word' id='word_1_30' title='bbox 445 275 588 304; x_wconf 87' lang='lat' dir='ltr'>laterculo</span> <span class='ocrx_word' id='word_1_31' title='bbox 604 274 710 304; x_wconf 88' lang='lat' dir='ltr'>structi</span> <span class='ocrx_word' id='word_1_32' title='bbox 732 278 816 304; x_wconf 82' lang='lat' dir='ltr'>sunt:</span> <span class='ocrx_word' id='word_1_33' title='bbox 838 279 932 304; x_wconf 92' lang='lat' dir='ltr'>totum</span> <span class='ocrx_word' id='word_1_34' title='bbox 954 283 1031 311; x_wconf 87' lang='lat' dir='ltr'>opus</span> <span class='ocrx_word' id='word_1_35' title='bbox 1046 275 1131 306; x_wconf 81' lang='lat' dir='ltr'>bi-29</span> 
     </span>
     <span class='ocr_line' id='line_1_6' title="bbox 105 315 1089 353; baseline -0.001 -7"><span class='ocrx_word' id='word_1_36' title='bbox 105 316 217 346; x_wconf 89' lang='lat' dir='ltr'>tumine</span> <span class='ocrx_word' id='word_1_37' title='bbox 233 315 438 353; x_wconf 74' lang='lat' dir='ltr'>adstringitur.</span> <span class='ocrx_word' id='word_1_38' title='bbox 461 317 541 345; x_wconf 83' lang='lat' dir='ltr'>Pons</span> <span class='ocrx_word' id='word_1_39' title='bbox 557 315 698 352; x_wconf 86' lang='lat' dir='ltr'>lapideus</span> <span class='ocrx_word' id='word_1_40' title='bbox 714 315 830 345; x_wconf 81' lang='lat' dir='ltr'>flumini</span> <span class='ocrx_word' id='word_1_41' title='bbox 846 315 1008 352; x_wconf 87' lang='lat' dir='ltr'>impositus</span> <span class='ocrx_word' id='word_1_42' title='bbox 1023 316 1089 345; x_wconf 90' lang='lat' dir='ltr'>iun-</span> 
     </span>
     <span class='ocr_line' id='line_1_7' title="bbox 105 356 1089 395; baseline -0.001 -8"><span class='ocrx_word' id='word_1_43' title='bbox 105 358 147 394; x_wconf 84' lang='lat' dir='ltr'>git</span> <span class='ocrx_word' id='word_1_44' title='bbox 161 358 275 387; x_wconf 86' lang='lat' dir='ltr'>urbem.</span> <span class='ocrx_word' id='word_1_45' title='bbox 316 358 371 387; x_wconf 78' lang='lat' dir='ltr'>Hic</span> <span class='ocrx_word' id='word_1_46' title='bbox 388 366 511 395; x_wconf 87' lang='lat' dir='ltr'>quoque</span> <span class='ocrx_word' id='word_1_47' title='bbox 527 357 604 386; x_wconf 89' lang='lat' dir='ltr'>inter</span> <span class='ocrx_word' id='word_1_48' title='bbox 618 357 766 386; x_wconf 83' lang='lat' dir='ltr'>mirabilia</span> <span class='ocrx_word' id='word_1_49' title='bbox 786 356 910 387; x_wconf 90' lang='lat' dir='ltr'>orientis</span> <span class='ocrx_word' id='word_1_50' title='bbox 927 366 1020 394; x_wconf 86' lang='lat' dir='ltr'>opera</span> <span class='ocrx_word' id='word_1_51' title='bbox 1036 366 1089 387; x_wconf 90' lang='lat' dir='ltr'>nu-</span> 
     </span>
     <span class='ocr_line' id='line_1_8' title="bbox 104 398 1089 436; baseline 0 -8"><span class='ocrx_word' id='word_1_52' title='bbox 104 405 236 429; x_wconf 85' lang='lat' dir='ltr'>meratus</span> <span class='ocrx_word' id='word_1_53' title='bbox 258 403 320 429; x_wconf 85' lang='lat' dir='ltr'>est:</span> <span class='ocrx_word' id='word_1_54' title='bbox 348 399 463 436; x_wconf 79' lang='lat' dir='ltr'>quippe</span> <span class='ocrx_word' id='word_1_55' title='bbox 484 399 653 436; x_wconf 74' lang='lat' dir='ltr'>Euphrates</span> <span class='ocrx_word' id='word_1_56' title='bbox 674 400 765 428; x_wconf 89' lang='lat' dir='ltr'>altum</span> <span class='ocrx_word' id='word_1_57' title='bbox 787 398 889 428; x_wconf 90' lang='lat' dir='ltr'>limum</span> <span class='ocrx_word' id='word_1_58' title='bbox 906 398 1001 434; x_wconf 84' lang='lat' dir='ltr'>vehit,</span> <span class='ocrx_word' id='word_1_59' title='bbox 1029 407 1089 436; x_wconf 90' lang='lat' dir='ltr'>quo</span> 
     </span>
     <span class='ocr_line' id='line_1_9' title="bbox 104 440 1090 478; baseline -0.001 -8"><span class='ocrx_word' id='word_1_60' title='bbox 104 441 226 478; x_wconf 87' lang='lat' dir='ltr'>penitus</span> <span class='ocrx_word' id='word_1_61' title='bbox 235 442 273 470; x_wconf 85' lang='lat' dir='ltr'>ad</span> <span class='ocrx_word' id='word_1_62' title='bbox 287 441 479 470; x_wconf 79' lang='lat' dir='ltr'>fundamenta</span> <span class='ocrx_word' id='word_1_63' title='bbox 491 440 629 470; x_wconf 88' lang='lat' dir='ltr'>iacienda</span> <span class='ocrx_word' id='word_1_64' title='bbox 637 445 743 477; x_wconf 79' lang='lat' dir='ltr'>egesto</span> <span class='ocrx_word' id='word_1_65' title='bbox 752 440 803 469; x_wconf 85' lang='lat' dir='ltr'>vix</span> <span class='ocrx_word' id='word_1_66' title='bbox 815 440 994 470; x_wconf 90' lang='lat' dir='ltr'>sustinendo</span> <span class='ocrx_word' id='word_1_67' title='bbox 1004 440 1090 477; x_wconf 88' lang='lat' dir='ltr'>operi</span> 
     </span>
     <span class='ocr_line' id='line_1_10' title="bbox 104 481 1132 519; baseline 0.002 -8"><span class='ocrx_word' id='word_1_68' title='bbox 104 484 223 512; x_wconf 86' lang='lat' dir='ltr'>firmum</span> <span class='ocrx_word' id='word_1_69' title='bbox 239 482 393 519; x_wconf 85' lang='lat' dir='ltr'>reperiunt</span> <span class='ocrx_word' id='word_1_70' title='bbox 407 483 521 512; x_wconf 90' lang='lat' dir='ltr'>solum:</span> <span class='ocrx_word' id='word_1_71' title='bbox 538 490 648 512; x_wconf 85' lang='lat' dir='ltr'>arenae</span> <span class='ocrx_word' id='word_1_72' title='bbox 663 487 763 511; x_wconf 86' lang='lat' dir='ltr'>autem</span> <span class='ocrx_word' id='word_1_73' title='bbox 776 481 905 511; x_wconf 80' lang='lat' dir='ltr'>subinde</span> <span class='ocrx_word' id='word_1_74' title='bbox 922 483 1132 513; x_wconf 73' lang='lat' dir='ltr'>cumulataeso</span> 
     </span>
     <span class='ocr_line' id='line_1_11' title="bbox 104 523 1088 561; baseline -0.002 -7"><span class='ocrx_word' id='word_1_75' title='bbox 104 529 135 554; x_wconf 88' lang='lat' dir='ltr'>et</span> <span class='ocrx_word' id='word_1_76' title='bbox 149 523 248 558; x_wconf 81' lang='lat' dir='ltr'>saxis,</span> <span class='ocrx_word' id='word_1_77' title='bbox 267 524 336 561; x_wconf 83' lang='lat' dir='ltr'>quis</span> <span class='ocrx_word' id='word_1_78' title='bbox 353 533 431 561; x_wconf 84' lang='lat' dir='ltr'>pons</span> <span class='ocrx_word' id='word_1_79' title='bbox 447 524 621 559; x_wconf 82' lang='lat' dir='ltr'>sustinetur,</span> <span class='ocrx_word' id='word_1_80' title='bbox 638 532 776 553; x_wconf 77' lang='lat' dir='ltr'>annexae</span> <span class='ocrx_word' id='word_1_81' title='bbox 792 528 946 553; x_wconf 84' lang='lat' dir='ltr'>morantur</span> <span class='ocrx_word' id='word_1_82' title='bbox 961 532 1088 558; x_wconf 83' lang='lat' dir='ltr'>amnem,</span> 
     </span>
     <span class='ocr_line' id='line_1_12' title="bbox 106 565 1089 603; baseline -0.001 -9"><span class='ocrx_word' id='word_1_83' title='bbox 106 565 157 603; x_wconf 91' lang='lat' dir='ltr'>qui</span> <span class='ocrx_word' id='word_1_84' title='bbox 170 570 304 595; x_wconf 87' lang='lat' dir='ltr'>retentus</span> <span class='ocrx_word' id='word_1_85' title='bbox 317 566 426 600; x_wconf 90' lang='lat' dir='ltr'>acrius,</span> <span class='ocrx_word' id='word_1_86' title='bbox 444 574 534 602; x_wconf 87' lang='lat' dir='ltr'>quam</span> <span class='ocrx_word' id='word_1_87' title='bbox 547 566 573 595; x_wconf 91' lang='lat' dir='ltr'>si</span> <span class='ocrx_word' id='word_1_88' title='bbox 588 566 682 595; x_wconf 82' lang='lat' dir='ltr'>libero</span> <span class='ocrx_word' id='word_1_89' title='bbox 697 574 789 595; x_wconf 89' lang='lat' dir='ltr'>cursu</span> <span class='ocrx_word' id='word_1_90' title='bbox 806 570 935 600; x_wconf 88' lang='lat' dir='ltr'>mearet,</span> <span class='ocrx_word' id='word_1_91' title='bbox 958 565 1089 594; x_wconf 73' lang='lat' dir='ltr'>illiditur.</span> 
     </span>
     <span class='ocr_line' id='line_1_13' title="bbox 104 606 1129 644; baseline -0.002 -7"><span class='ocrx_word' id='word_1_92' title='bbox 104 607 150 643; x_wconf 89' lang='lat'>(5)</span> <span class='ocrx_word' id='word_1_93' title='bbox 173 609 282 636; x_wconf 87' lang='lat' dir='ltr'>Arcem</span> <span class='ocrx_word' id='word_1_94' title='bbox 298 616 422 644; x_wconf 88' lang='lat' dir='ltr'>quoque</span> <span class='ocrx_word' id='word_1_95' title='bbox 437 607 550 637; x_wconf 90' lang='lat' dir='ltr'>ambitu</span> <span class='ocrx_word' id='word_1_96' title='bbox 567 607 620 636; x_wconf 87' lang='lat' dir='ltr'>XX</span> <span class='ocrx_word' id='word_1_97' title='bbox 639 606 737 636; x_wconf 81' lang='lat' dir='ltr'>stadia</span> <span class='ocrx_word' id='word_1_98' title='bbox 758 607 949 643; x_wconf 81' lang='lat' dir='ltr'>complexam</span> <span class='ocrx_word' id='word_1_99' title='bbox 970 607 1090 635; x_wconf 87' lang='lat' dir='ltr'>habent.</span> <span class='ocrx_word' id='word_1_100' title='bbox 1098 611 1129 636; x_wconf 78' lang='lat'>31</span> 
     </span>
     <span class='ocr_line' id='line_1_14' title="bbox 104 648 1091 685; baseline -0.002 -7"><span class='ocrx_word' id='word_1_101' title='bbox 104 649 185 678; x_wconf 87' lang='lat' dir='ltr'>XXX</span> <span class='ocrx_word' id='word_1_102' title='bbox 195 649 289 685; x_wconf 86' lang='lat' dir='ltr'>pedes</span> <span class='ocrx_word' id='word_1_103' title='bbox 306 648 335 677; x_wconf 92' lang='lat' dir='ltr'>in</span> <span class='ocrx_word' id='word_1_104' title='bbox 348 653 457 678; x_wconf 88' lang='lat' dir='ltr'>terram</span> <span class='ocrx_word' id='word_1_105' title='bbox 470 648 595 678; x_wconf 89' lang='lat' dir='ltr'>turrium</span> <span class='ocrx_word' id='word_1_106' title='bbox 608 649 803 678; x_wconf 78' lang='lat' dir='ltr'>fundamenta</span> <span class='ocrx_word' id='word_1_107' title='bbox 814 648 947 677; x_wconf 85' lang='lat' dir='ltr'>demissa</span> <span class='ocrx_word' id='word_1_108' title='bbox 961 652 1040 683; x_wconf 83' lang='lat' dir='ltr'>sunt,</span> <span class='ocrx_word' id='word_1_109' title='bbox 1052 648 1091 676; x_wconf 86' lang='lat' dir='ltr'>ad</span> 
     </span>
     <span class='ocr_line' id='line_1_15' title="bbox 104 689 1131 726; baseline -0.001 -7"><span class='ocrx_word' id='word_1_110' title='bbox 104 691 209 720; x_wconf 89' lang='lat' dir='ltr'>LXXX</span> <span class='ocrx_word' id='word_1_111' title='bbox 217 699 365 719; x_wconf 88' lang='lat' dir='ltr'>summum</span> <span class='ocrx_word' id='word_1_112' title='bbox 374 690 549 720; x_wconf 78' lang='lat' dir='ltr'>munimenti</span> <span class='ocrx_word' id='word_1_113' title='bbox 558 690 709 726; x_wconf 80' lang='lat' dir='ltr'>fastigium</span> <span class='ocrx_word' id='word_1_114' title='bbox 718 689 863 726; x_wconf 82' lang='lat' dir='ltr'>pervenit.</span> <span class='ocrx_word' id='word_1_115' title='bbox 872 689 972 726; x_wconf 86' lang='lat' dir='ltr'>Super</span> <span class='ocrx_word' id='word_1_116' title='bbox 980 697 1089 725; x_wconf 85' lang='lat' dir='ltr'>arcem,</span> <span class='ocrx_word' id='word_1_117' title='bbox 1097 693 1131 719; x_wconf 79' lang='lat'>32</span> 
     </span>
     <span class='ocr_line' id='line_1_16' title="bbox 107 731 1090 769; baseline 0 -9"><span class='ocrx_word' id='word_1_118' title='bbox 107 733 259 768; x_wconf 78' lang='lat' dir='ltr'>vulgatum</span> <span class='ocrx_word' id='word_1_119' title='bbox 268 733 450 761; x_wconf 77' lang='lat' dir='ltr'>Graecorum</span> <span class='ocrx_word' id='word_1_120' title='bbox 464 732 573 762; x_wconf 79' lang='lat' dir='ltr'>fabulis</span> <span class='ocrx_word' id='word_1_121' title='bbox 585 731 770 766; x_wconf 84' lang='lat' dir='ltr'>miraculum,</span> <span class='ocrx_word' id='word_1_122' title='bbox 780 731 915 769; x_wconf 84' lang='lat' dir='ltr'>pensiles</span> <span class='ocrx_word' id='word_1_123' title='bbox 924 731 1001 760; x_wconf 86' lang='lat' dir='ltr'>horti</span> <span class='ocrx_word' id='word_1_124' title='bbox 1012 735 1090 766; x_wconf 89' lang='lat' dir='ltr'>sunt,</span> 
     </span>
     <span class='ocr_line' id='line_1_17' title="bbox 106 773 1087 810; baseline -0.002 -7"><span class='ocrx_word' id='word_1_125' title='bbox 106 782 253 803; x_wconf 88' lang='lat' dir='ltr'>summam</span> <span class='ocrx_word' id='word_1_126' title='bbox 266 782 418 803; x_wconf 89' lang='lat' dir='ltr'>murorum</span> <span class='ocrx_word' id='word_1_127' title='bbox 430 773 617 803; x_wconf 86' lang='lat' dir='ltr'>altitudinem</span> <span class='ocrx_word' id='word_1_128' title='bbox 628 777 797 810; x_wconf 71' lang='lat' dir='ltr'>aequantes</span> <span class='ocrx_word' id='word_1_129' title='bbox 809 774 1031 809; x_wconf 85' lang='lat' dir='ltr'>multarumque</span> <span class='ocrx_word' id='word_1_130' title='bbox 1042 781 1087 802; x_wconf 86' lang='lat' dir='ltr'>ar-</span> 
     </span>
     <span class='ocr_line' id='line_1_18' title="bbox 106 814 1133 852; baseline 0.001 -9"><span class='ocrx_word' id='word_1_131' title='bbox 106 815 212 844; x_wconf 86' lang='lat' dir='ltr'>borum</span> <span class='ocrx_word' id='word_1_132' title='bbox 229 817 334 844; x_wconf 88' lang='lat' dir='ltr'>umbra</span> <span class='ocrx_word' id='word_1_133' title='bbox 348 821 377 845; x_wconf 88' lang='lat' dir='ltr'>et</span> <span class='ocrx_word' id='word_1_134' title='bbox 393 815 573 852; x_wconf 85' lang='lat' dir='ltr'>proceritate</span> <span class='ocrx_word' id='word_1_135' title='bbox 588 814 716 844; x_wconf 85' lang='lat' dir='ltr'>amoeni.</span> <span class='ocrx_word' id='word_1_136' title='bbox 745 814 828 844; x_wconf 86' lang='lat' dir='ltr'>Saxo</span> <span class='ocrx_word' id='word_1_137' title='bbox 845 814 933 851; x_wconf 86' lang='lat' dir='ltr'>pilae,</span> <span class='ocrx_word' id='word_1_138' title='bbox 950 822 1029 850; x_wconf 86' lang='lat' dir='ltr'>quae</span> <span class='ocrx_word' id='word_1_139' title='bbox 1045 818 1087 843; x_wconf 91' lang='lat' dir='ltr'>to-</span> <span class='ocrx_word' id='word_1_140' title='bbox 1098 817 1133 844; x_wconf 73' lang='lat'>33</span> 
     </span>
     <span class='ocr_line' id='line_1_19' title="bbox 107 855 1089 892; baseline -0.002 -6"><span class='ocrx_word' id='word_1_141' title='bbox 107 862 167 887; x_wconf 87' lang='lat' dir='ltr'>tum</span> <span class='ocrx_word' id='word_1_142' title='bbox 189 865 268 886; x_wconf 82' lang='lat' dir='ltr'>onus</span> <span class='ocrx_word' id='word_1_143' title='bbox 290 857 453 892; x_wconf 86' lang='lat' dir='ltr'>sustinent,</span> <span class='ocrx_word' id='word_1_144' title='bbox 479 857 643 886; x_wconf 83' lang='lat' dir='ltr'>instructae</span> <span class='ocrx_word' id='word_1_145' title='bbox 668 861 753 886; x_wconf 84' lang='lat' dir='ltr'>sunt:</span> <span class='ocrx_word' id='word_1_146' title='bbox 780 864 873 892; x_wconf 84' lang='lat' dir='ltr'>super</span> <span class='ocrx_word' id='word_1_147' title='bbox 888 855 966 892; x_wconf 86' lang='lat' dir='ltr'>pilas</span> <span class='ocrx_word' id='word_1_148' title='bbox 989 855 1089 892; x_wconf 87' lang='lat' dir='ltr'>lapide</span> 
     </span>
     <span class='ocr_line' id='line_1_20' title="bbox 106 897 1091 936; baseline -0.002 -9"><span class='ocrx_word' id='word_1_149' title='bbox 106 900 254 936; x_wconf 78' lang='lat' dir='ltr'>quadrato</span> <span class='ocrx_word' id='word_1_150' title='bbox 270 900 368 928; x_wconf 87' lang='lat' dir='ltr'>solum</span> <span class='ocrx_word' id='word_1_151' title='bbox 384 903 508 928; x_wconf 87' lang='lat' dir='ltr'>stratum</span> <span class='ocrx_word' id='word_1_152' title='bbox 524 903 584 934; x_wconf 86' lang='lat' dir='ltr'>est,</span> <span class='ocrx_word' id='word_1_153' title='bbox 610 898 729 935; x_wconf 81' lang='lat' dir='ltr'>patiens</span> <span class='ocrx_word' id='word_1_154' title='bbox 750 902 862 933; x_wconf 86' lang='lat' dir='ltr'>terrae,</span> <span class='ocrx_word' id='word_1_155' title='bbox 890 905 980 934; x_wconf 86' lang='lat' dir='ltr'>quam</span> <span class='ocrx_word' id='word_1_156' title='bbox 1001 897 1091 926; x_wconf 83' lang='lat' dir='ltr'>altam</span> 
     </span>
     <span class='ocr_line' id='line_1_21' title="bbox 105 937 1090 977; baseline -0.002 -8"><span class='ocrx_word' id='word_1_157' title='bbox 105 939 257 975; x_wconf 72' lang='lat' dir='ltr'>inficiunt,</span> <span class='ocrx_word' id='word_1_158' title='bbox 277 945 307 969; x_wconf 89' lang='lat' dir='ltr'>et</span> <span class='ocrx_word' id='word_1_159' title='bbox 323 940 471 975; x_wconf 84' lang='lat' dir='ltr'>humoris,</span> <span class='ocrx_word' id='word_1_160' title='bbox 494 948 555 977; x_wconf 82' lang='lat' dir='ltr'>quo</span> <span class='ocrx_word' id='word_1_161' title='bbox 572 939 669 976; x_wconf 85' lang='lat' dir='ltr'>rigant</span> <span class='ocrx_word' id='word_1_162' title='bbox 684 945 794 969; x_wconf 85' lang='lat' dir='ltr'>terras:</span> <span class='ocrx_word' id='word_1_163' title='bbox 817 939 957 975; x_wconf 81' lang='lat' dir='ltr'>adeoque</span> <span class='ocrx_word' id='word_1_164' title='bbox 973 937 1090 967; x_wconf 84' lang='lat' dir='ltr'>validas</span> 
     </span>
     <span class='ocr_line' id='line_1_22' title="bbox 106 979 1089 1017; baseline -0.002 -7"><span class='ocrx_word' id='word_1_165' title='bbox 106 983 233 1011; x_wconf 82' lang='lat' dir='ltr'>arbores</span> <span class='ocrx_word' id='word_1_166' title='bbox 247 982 397 1011; x_wconf 84' lang='lat' dir='ltr'>sustinent</span> <span class='ocrx_word' id='word_1_167' title='bbox 411 983 523 1017; x_wconf 84' lang='lat' dir='ltr'>moles,</span> <span class='ocrx_word' id='word_1_168' title='bbox 539 986 571 1010; x_wconf 88' lang='lat' dir='ltr'>ut</span> <span class='ocrx_word' id='word_1_169' title='bbox 585 981 704 1017; x_wconf 82' lang='lat' dir='ltr'>stipites</span> <span class='ocrx_word' id='word_1_170' title='bbox 719 988 821 1010; x_wconf 84' lang='lat' dir='ltr'>earum</span> <span class='ocrx_word' id='word_1_171' title='bbox 836 980 904 1009; x_wconf 93' lang='lat' dir='ltr'>VIII</span> <span class='ocrx_word' id='word_1_172' title='bbox 922 979 1089 1009; x_wconf 89' lang='lat' dir='ltr'>cubitorum</span> 
     </span>
     <span class='ocr_line' id='line_1_23' title="bbox 108 1021 1089 1060; baseline -0.002 -8"><span class='ocrx_word' id='word_1_173' title='bbox 108 1024 238 1060; x_wconf 74' lang='lat' dir='ltr'>spatium</span> <span class='ocrx_word' id='word_1_174' title='bbox 264 1023 465 1052; x_wconf 68' lang='lat' dir='ltr'>crassitudine</span> <span class='ocrx_word' id='word_1_175' title='bbox 491 1028 637 1059; x_wconf 84' lang='lat' dir='ltr'>aequent,</span> <span class='ocrx_word' id='word_1_176' title='bbox 664 1022 694 1051; x_wconf 86' lang='lat' dir='ltr'>in</span> <span class='ocrx_word' id='word_1_177' title='bbox 719 1023 742 1051; x_wconf 92' lang='lat' dir='ltr'>L</span> <span class='ocrx_word' id='word_1_178' title='bbox 768 1022 879 1058; x_wconf 86' lang='lat' dir='ltr'>pedum</span> <span class='ocrx_word' id='word_1_179' title='bbox 904 1021 1089 1051; x_wconf 80' lang='lat' dir='ltr'>altitudinem</span> 
     </span>
     <span class='ocr_line' id='line_1_24' title="bbox 108 1062 1133 1101; baseline -0.002 -8"><span class='ocrx_word' id='word_1_180' title='bbox 108 1065 274 1100; x_wconf 85' lang='lat' dir='ltr'>emineant,</span> <span class='ocrx_word' id='word_1_181' title='bbox 292 1065 514 1101; x_wconf 73' lang='lat' dir='ltr'>frugiferaeque</span> <span class='ocrx_word' id='word_1_182' title='bbox 530 1064 605 1099; x_wconf 88' lang='lat' dir='ltr'>sint,</span> <span class='ocrx_word' id='word_1_183' title='bbox 625 1068 656 1093; x_wconf 92' lang='lat' dir='ltr'>ut</span> <span class='ocrx_word' id='word_1_184' title='bbox 671 1063 698 1093; x_wconf 87' lang='lat' dir='ltr'>si</span> <span class='ocrx_word' id='word_1_185' title='bbox 714 1070 791 1093; x_wconf 88' lang='lat' dir='ltr'>terra</span> <span class='ocrx_word' id='word_1_186' title='bbox 807 1072 862 1093; x_wconf 87' lang='lat' dir='ltr'>sua</span> <span class='ocrx_word' id='word_1_187' title='bbox 878 1064 1035 1092; x_wconf 82' lang='lat' dir='ltr'>alerentur.</span> <span class='ocrx_word' id='word_1_188' title='bbox 1056 1062 1133 1091; x_wconf 71' lang='lat' dir='ltr'>Et34</span> 
     </span>
     <span class='ocr_line' id='line_1_25' title="bbox 109 1103 1090 1143; baseline -0.002 -9"><span class='ocrx_word' id='word_1_189' title='bbox 109 1115 201 1143; x_wconf 80' lang='lat' dir='ltr'>quum</span> <span class='ocrx_word' id='word_1_190' title='bbox 224 1112 358 1136; x_wconf 72' lang='lat' dir='ltr'>vet-ustas</span> <span class='ocrx_word' id='word_1_191' title='bbox 382 1115 441 1135; x_wconf 91' lang='lat' dir='ltr'>non</span> <span class='ocrx_word' id='word_1_192' title='bbox 464 1114 558 1143; x_wconf 83' lang='lat' dir='ltr'>opera</span> <span class='ocrx_word' id='word_1_193' title='bbox 579 1106 678 1135; x_wconf 88' lang='lat' dir='ltr'>solum</span> <span class='ocrx_word' id='word_1_194' title='bbox 699 1114 789 1134; x_wconf 87' lang='lat' dir='ltr'>manu</span> <span class='ocrx_word' id='word_1_195' title='bbox 812 1105 905 1141; x_wconf 77' lang='lat' dir='ltr'>facta,</span> <span class='ocrx_word' id='word_1_196' title='bbox 931 1105 986 1134; x_wconf 88' lang='lat' dir='ltr'>sed</span> <span class='ocrx_word' id='word_1_197' title='bbox 1001 1103 1090 1133; x_wconf 83' lang='lat' dir='ltr'>etiam</span> 
     </span>
     <span class='ocr_line' id='line_1_26' title="bbox 108 1146 1090 1184; baseline -0.003 -7"><span class='ocrx_word' id='word_1_198' title='bbox 108 1148 206 1184; x_wconf 64' lang='lat' dir='ltr'>ipsam</span> <span class='ocrx_word' id='word_1_199' title='bbox 223 1154 357 1178; x_wconf 85' lang='lat' dir='ltr'>naturam</span> <span class='ocrx_word' id='word_1_200' title='bbox 374 1148 517 1184; x_wconf 81' lang='lat' dir='ltr'>paulatim</span> <span class='ocrx_word' id='word_1_201' title='bbox 539 1148 699 1177; x_wconf 90' lang='lat' dir='ltr'>exedendo</span> <span class='ocrx_word' id='word_1_202' title='bbox 717 1146 864 1184; x_wconf 85' lang='lat' dir='ltr'>perimat,</span> <span class='ocrx_word' id='word_1_203' title='bbox 888 1146 963 1176; x_wconf 89' lang='lat' dir='ltr'>haec</span> <span class='ocrx_word' id='word_1_204' title='bbox 985 1146 1090 1182; x_wconf 83' lang='lat' dir='ltr'>moles,</span> 
     </span>
     <span class='ocr_line' id='line_1_27' title="bbox 110 1186 1089 1226; baseline -0.002 -8"><span class='ocrx_word' id='word_1_205' title='bbox 110 1199 188 1226; x_wconf 77' lang='lat' dir='ltr'>quae</span> <span class='ocrx_word' id='word_1_206' title='bbox 211 1195 252 1218; x_wconf 90' lang='lat' dir='ltr'>tot</span> <span class='ocrx_word' id='word_1_207' title='bbox 276 1191 418 1219; x_wconf 83' lang='lat' dir='ltr'>arborum</span> <span class='ocrx_word' id='word_1_208' title='bbox 446 1189 600 1219; x_wconf 83' lang='lat' dir='ltr'>radicibus</span> <span class='ocrx_word' id='word_1_209' title='bbox 628 1188 773 1226; x_wconf 88' lang='lat' dir='ltr'>premitur</span> <span class='ocrx_word' id='word_1_210' title='bbox 797 1188 933 1225; x_wconf 87' lang='lat' dir='ltr'>tantique</span> <span class='ocrx_word' id='word_1_211' title='bbox 957 1186 1089 1217; x_wconf 87' lang='lat' dir='ltr'>nemoris</span> 
     </span>
     <span class='ocr_line' id='line_1_28' title="bbox 109 1229 1090 1268; baseline -0.002 -9"><span class='ocrx_word' id='word_1_212' title='bbox 109 1232 245 1268; x_wconf 84' lang='lat' dir='ltr'>pondere</span> <span class='ocrx_word' id='word_1_213' title='bbox 262 1237 385 1260; x_wconf 72' lang='lat' dir='ltr'>onerata</span> <span class='ocrx_word' id='word_1_214' title='bbox 400 1235 461 1266; x_wconf 88' lang='lat' dir='ltr'>est,</span> <span class='ocrx_word' id='word_1_215' title='bbox 484 1230 627 1260; x_wconf 81' lang='lat' dir='ltr'>inviolata</span> <span class='ocrx_word' id='word_1_216' title='bbox 648 1230 749 1259; x_wconf 88' lang='lat' dir='ltr'>durat:</span> <span class='ocrx_word' id='word_1_217' title='bbox 773 1230 886 1266; x_wconf 84' lang='lat' dir='ltr'>quippe</span> <span class='ocrx_word' id='word_1_218' title='bbox 902 1230 955 1258; x_wconf 89' lang='lat' dir='ltr'>XX</span> <span class='ocrx_word' id='word_1_219' title='bbox 971 1229 1090 1268; x_wconf 83' lang='lat' dir='ltr'>[pedes]</span> 
     </span>
     <span class='ocr_line' id='line_1_29' title="bbox 109 1270 1089 1309; baseline -0.003 -8"><span class='ocrx_word' id='word_1_220' title='bbox 109 1273 157 1302; x_wconf 78' lang='lat' dir='ltr'>lati</span> <span class='ocrx_word' id='word_1_221' title='bbox 175 1273 306 1309; x_wconf 80' lang='lat' dir='ltr'>parietes</span> <span class='ocrx_word' id='word_1_222' title='bbox 323 1272 485 1306; x_wconf 78' lang='lat' dir='ltr'>sustinent,</span> <span class='ocrx_word' id='word_1_223' title='bbox 509 1272 649 1301; x_wconf 87' lang='lat' dir='ltr'>undecim</span> <span class='ocrx_word' id='word_1_224' title='bbox 670 1272 782 1309; x_wconf 87' lang='lat' dir='ltr'>pedum</span> <span class='ocrx_word' id='word_1_225' title='bbox 804 1270 961 1300; x_wconf 87' lang='lat' dir='ltr'>intervallo</span> <span class='ocrx_word' id='word_1_226' title='bbox 977 1270 1089 1300; x_wconf 84' lang='lat' dir='ltr'>distan-</span> 
     </span>
     <span class='ocr_line' id='line_1_30' title="bbox 109 1311 1091 1351; baseline -0.003 -8"><span class='ocrx_word' id='word_1_227' title='bbox 109 1319 170 1348; x_wconf 75' lang='lat' dir='ltr'>tes,</span> <span class='ocrx_word' id='word_1_228' title='bbox 199 1320 228 1343; x_wconf 83' lang='lat' dir='ltr'>ut</span> <span class='ocrx_word' id='word_1_229' title='bbox 253 1316 356 1351; x_wconf 85' lang='lat' dir='ltr'>procul</span> <span class='ocrx_word' id='word_1_230' title='bbox 382 1313 550 1343; x_wconf 77' lang='lat' dir='ltr'>visentibus</span> <span class='ocrx_word' id='word_1_231' title='bbox 573 1314 667 1342; x_wconf 81' lang='lat' dir='ltr'>silvae</span> <span class='ocrx_word' id='word_1_232' title='bbox 689 1312 841 1343; x_wconf 89' lang='lat' dir='ltr'>montibus</span> <span class='ocrx_word' id='word_1_233' title='bbox 857 1312 921 1342; x_wconf 86' lang='lat' dir='ltr'>suis</span> <span class='ocrx_word' id='word_1_234' title='bbox 937 1311 1091 1341; x_wconf 84' lang='lat' dir='ltr'>imminere</span> 
     </span>
     <span class='ocr_line' id='line_1_31' title="bbox 109 1355 1130 1393; baseline -0.002 -9"><span class='ocrx_word' id='word_1_235' title='bbox 109 1356 276 1385; x_wconf 77' lang='lat' dir='ltr'>videantur.</span> <span class='ocrx_word' id='word_1_236' title='bbox 321 1356 429 1393; x_wconf 77' lang='lat' dir='ltr'>Syriae</span> <span class='ocrx_word' id='word_1_237' title='bbox 451 1364 551 1392; x_wconf 83' lang='lat' dir='ltr'>regem</span> <span class='ocrx_word' id='word_1_238' title='bbox 573 1356 729 1392; x_wconf 69' lang='lat' dir='ltr'>Babylone</span> <span class='ocrx_word' id='word_1_239' title='bbox 748 1360 921 1391; x_wconf 84' lang='lat' dir='ltr'>regnantem</span> <span class='ocrx_word' id='word_1_240' title='bbox 939 1355 996 1383; x_wconf 86' lang='lat' dir='ltr'>hoc</span> <span class='ocrx_word' id='word_1_241' title='bbox 1012 1357 1130 1390; x_wconf 84' lang='lat' dir='ltr'>opus35</span> 
     </span>
     <span class='ocr_line' id='line_1_32' title="bbox 109 1394 1091 1433; baseline -0.002 -7"><span class='ocrx_word' id='word_1_242' title='bbox 109 1406 180 1426; x_wconf 78' lang='lat' dir='ltr'>esse</span> <span class='ocrx_word' id='word_1_243' title='bbox 197 1397 329 1426; x_wconf 83' lang='lat' dir='ltr'>molitum</span> <span class='ocrx_word' id='word_1_244' title='bbox 346 1398 508 1427; x_wconf 85' lang='lat' dir='ltr'>memoriae</span> <span class='ocrx_word' id='word_1_245' title='bbox 525 1397 674 1433; x_wconf 86' lang='lat' dir='ltr'>proditum</span> <span class='ocrx_word' id='word_1_246' title='bbox 691 1401 752 1430; x_wconf 72' lang='lat' dir='ltr'>est,</span> <span class='ocrx_word' id='word_1_247' title='bbox 775 1404 877 1425; x_wconf 84' lang='lat' dir='ltr'>amore</span> <span class='ocrx_word' id='word_1_248' title='bbox 894 1395 1033 1432; x_wconf 83' lang='lat' dir='ltr'>coniugis</span> <span class='ocrx_word' id='word_1_249' title='bbox 1048 1394 1091 1424; x_wconf 59' lang='lat' dir='ltr'>vi&gt;</span> 
     </span>
     <span class='ocr_line' id='line_1_33' title="bbox 110 1435 1091 1475; baseline -0.004 -7"><span class='ocrx_word' id='word_1_250' title='bbox 110 1444 198 1471; x_wconf 78' lang='lat' dir='ltr'>ctum,</span> <span class='ocrx_word' id='word_1_251' title='bbox 215 1448 294 1475; x_wconf 69' lang='lat' dir='ltr'>quae</span> <span class='ocrx_word' id='word_1_252' title='bbox 310 1438 462 1468; x_wconf 79' lang='lat' dir='ltr'>desiderio</span> <span class='ocrx_word' id='word_1_253' title='bbox 480 1447 634 1468; x_wconf 85' lang='lat' dir='ltr'>nemorum</span> <span class='ocrx_word' id='word_1_254' title='bbox 652 1438 858 1474; x_wconf 73' lang='lat' dir='ltr'>silvarumque</span> <span class='ocrx_word' id='word_1_255' title='bbox 870 1438 899 1466; x_wconf 89' lang='lat' dir='ltr'>in</span> <span class='ocrx_word' id='word_1_256' title='bbox 916 1435 1091 1473; x_wconf 81' lang='lat' dir='ltr'>campestri-</span> 
     </span>
     <span class='ocr_line' id='line_1_34' title="bbox 110 1478 1090 1518; baseline -0.003 -9"><span class='ocrx_word' id='word_1_257' title='bbox 110 1481 166 1509; x_wconf 80' lang='lat' dir='ltr'>bus</span> <span class='ocrx_word' id='word_1_258' title='bbox 185 1481 258 1509; x_wconf 81' lang='lat' dir='ltr'>locis</span> <span class='ocrx_word' id='word_1_259' title='bbox 275 1481 369 1510; x_wconf 83' lang='lat' dir='ltr'>virum</span> <span class='ocrx_word' id='word_1_260' title='bbox 387 1482 532 1518; x_wconf 85' lang='lat' dir='ltr'>compulit</span> <span class='ocrx_word' id='word_1_261' title='bbox 547 1481 759 1510; x_wconf 84' lang='lat' dir='ltr'>amoenitatem</span> <span class='ocrx_word' id='word_1_262' title='bbox 775 1483 898 1509; x_wconf 83' lang='lat' dir='ltr'>naturae</span> <span class='ocrx_word' id='word_1_263' title='bbox 910 1487 1022 1516; x_wconf 81' lang='lat' dir='ltr'>genere</span> <span class='ocrx_word' id='word_1_264' title='bbox 1038 1478 1090 1507; x_wconf 62' lang='lat' dir='ltr'>hu&lt;</span> 
     </span>
     <span class='ocr_line' id='line_1_35' title="bbox 110 1521 409 1559; baseline 0 -8"><span class='ocrx_word' id='word_1_265' title='bbox 110 1521 157 1551; x_wconf 66' lang='lat' dir='ltr'>ius</span> <span class='ocrx_word' id='word_1_266' title='bbox 174 1523 276 1559; x_wconf 76' lang='lat' dir='ltr'>operis</span> <span class='ocrx_word' id='word_1_267' title='bbox 293 1522 409 1551; x_wconf 80' lang='lat' dir='ltr'>imitari.</span> 
     </span>
    </p>

    <p class='ocr_par' dir='ltr' id='par_1_3' title="bbox 110 1560 1135 1726">
     <span class='ocr_line' id='line_1_36' title="bbox 190 1560 1135 1601; baseline -0.004 -6"><span class='ocrx_word' id='word_1_268' title='bbox 190 1564 235 1595; x_wconf 68' lang='lat'>(61</span> <span class='ocrx_word' id='word_1_269' title='bbox 261 1564 374 1593; x_wconf 78' lang='lat' dir='ltr'>Diutius</span> <span class='ocrx_word' id='word_1_270' title='bbox 398 1563 425 1592; x_wconf 91' lang='lat' dir='ltr'>in</span> <span class='ocrx_word' id='word_1_271' title='bbox 448 1564 506 1593; x_wconf 88' lang='lat' dir='ltr'>hac</span> <span class='ocrx_word' id='word_1_272' title='bbox 527 1565 602 1593; x_wconf 85' lang='lat' dir='ltr'>urbe</span> <span class='ocrx_word' id='word_1_273' title='bbox 625 1572 713 1601; x_wconf 86' lang='lat' dir='ltr'>quam</span> <span class='ocrx_word' id='word_1_274' title='bbox 729 1571 857 1599; x_wconf 80' lang='lat' dir='ltr'>usquam</span> <span class='ocrx_word' id='word_1_275' title='bbox 873 1560 1006 1591; x_wconf 83' lang='lat' dir='ltr'>constitit</span> <span class='ocrx_word' id='word_1_276' title='bbox 1021 1564 1135 1591; x_wconf 81' lang='lat' dir='ltr'>rex=36</span> 
     </span>
     <span class='ocr_line' id='line_1_37' title="bbox 110 1602 1091 1643; baseline -0.003 -10"><span class='ocrx_word' id='word_1_277' title='bbox 110 1613 165 1633; x_wconf 91' lang='lat' dir='ltr'>nec</span> <span class='ocrx_word' id='word_1_278' title='bbox 182 1605 259 1633; x_wconf 78' lang='lat' dir='ltr'>nlius</span> <span class='ocrx_word' id='word_1_279' title='bbox 277 1607 361 1635; x_wconf 82' lang='lat' dir='ltr'>locus</span> <span class='ocrx_word' id='word_1_280' title='bbox 377 1606 558 1643; x_wconf 82' lang='lat' dir='ltr'>disciplinae</span> <span class='ocrx_word' id='word_1_281' title='bbox 574 1605 693 1635; x_wconf 81' lang='lat' dir='ltr'>militari</span> <span class='ocrx_word' id='word_1_282' title='bbox 709 1605 804 1641; x_wconf 79' lang='lat' dir='ltr'>magis</span> <span class='ocrx_word' id='word_1_283' title='bbox 817 1603 928 1633; x_wconf 88' lang='lat' dir='ltr'>nocuit.</span> <span class='ocrx_word' id='word_1_284' title='bbox 951 1602 1028 1632; x_wconf 82' lang='lat' dir='ltr'>Nihil</span> <span class='ocrx_word' id='word_1_285' title='bbox 1043 1611 1091 1631; x_wconf 88' lang='lat' dir='ltr'>ur-</span> 
     </span>
     <span class='ocr_line' id='line_1_38' title="bbox 110 1644 1092 1683; baseline -0.002 -9"><span class='ocrx_word' id='word_1_286' title='bbox 110 1646 156 1675; x_wconf 77' lang='lat' dir='ltr'>bis</span> <span class='ocrx_word' id='word_1_287' title='bbox 172 1648 237 1675; x_wconf 76' lang='lat' dir='ltr'>eins</span> <span class='ocrx_word' id='word_1_288' title='bbox 254 1647 424 1683; x_wconf 81' lang='lat' dir='ltr'>corruptius</span> <span class='ocrx_word' id='word_1_289' title='bbox 442 1648 585 1683; x_wconf 78' lang='lat' dir='ltr'>moribus,</span> <span class='ocrx_word' id='word_1_290' title='bbox 602 1647 672 1676; x_wconf 83' lang='lat' dir='ltr'>nihil</span> <span class='ocrx_word' id='word_1_291' title='bbox 686 1648 723 1676; x_wconf 82' lang='lat' dir='ltr'>ud</span> <span class='ocrx_word' id='word_1_292' title='bbox 737 1646 895 1676; x_wconf 79' lang='lat' dir='ltr'>irritandas</span> <span class='ocrx_word' id='word_1_293' title='bbox 909 1644 1092 1674; x_wconf 86' lang='lat' dir='ltr'>illiciendas-</span> 
     </span>
     <span class='ocr_line' id='line_1_39' title="bbox 111 1686 1135 1726; baseline 0 -11"><span class='ocrx_word' id='word_1_294' title='bbox 111 1697 169 1724; x_wconf 85' lang='lat' dir='ltr'>qne</span> <span class='ocrx_word' id='word_1_295' title='bbox 186 1688 362 1718; x_wconf 80' lang='lat' dir='ltr'>immodicas</span> <span class='ocrx_word' id='word_1_296' title='bbox 379 1689 559 1726; x_wconf 81' lang='lat' dir='ltr'>cupiditates</span> <span class='ocrx_word' id='word_1_297' title='bbox 575 1688 760 1718; x_wconf 86' lang='lat' dir='ltr'>instructius.</span> <span class='ocrx_word' id='word_1_298' title='bbox 791 1687 916 1716; x_wconf 87' lang='lat' dir='ltr'>Liberos</span> <span class='ocrx_word' id='word_1_299' title='bbox 933 1686 1135 1723; x_wconf 77' lang='lat' dir='ltr'>coniuges-37</span> 
     </span>
    </p>
   </div>
   <div class='ocr_carea' id='block_1_3' title="bbox 1166 0 1215 1895">
    <p class='ocr_par' dir='ltr' id='par_1_4' title="bbox 1166 0 1215 1895">
     <span class='ocr_line' id='line_1_40' title="bbox 1166 0 1215 1895; baseline 0 0"><span class='ocrx_word' id='word_1_300' title='bbox 1166 0 1215 1895; x_wconf 95' lang='lat' dir='ltr'> </span> 
     </span>
    </p>
   </div>
  </div>
 </body>
</html>
