1215 1895
132 92 172 122 50
479 94 500 128 Q
535 93 690 122 CURTll
710 94 819 124 RUFI

129 166 160 197 in
186 168 392 197 adulationem
419 168 606 204 compositus
633 172 779 197 terrarum
809 169 941 199 omnium
970 174 1118 200 rectorem

130 210 195 239 sore
211 209 352 238 ostendit.
375 209 447 238 Post
458 209 533 238 haec
546 209 652 239 institit
667 217 823 246 quaerere,
840 218 878 239 an
891 219 995 241 omnes
1011 215 1160 248 paren-27

131 250 168 280 tis
185 250 231 280 sui
248 251 457 280 interfectores
475 259 591 287 poenas
607 251 773 281 dedissent.
798 251 949 281 Sacerdos
963 257 1118 289 parentem

129 293 195 322 eius
212 297 302 329 negat
316 293 406 321 ullius
423 293 538 322 scelere
555 300 650 329 posse
664 292 780 328 violari,
796 293 926 330 Philippi
939 298 1039 324 autem
1055 303 1117 324 om-

131 342 185 363 nes
202 334 410 364 interfectores
427 334 522 363 luisse
538 334 701 371 supplicia:
728 334 854 370 adiecit,
877 335 1021 365 invictum
1043 336 1116 372 sore,

130 376 229 405 donec
245 376 409 405 excederet
423 376 463 404 ad
478 376 563 405 deos.
588 376 743 405 Sacrificio
760 375 870 405 deinde
886 377 976 413 sacto,
993 377 1074 406 dona
1088 381 1159 408 et28

130 417 342 447 sacerdotibus
359 421 388 446 et
404 417 461 446 deo
479 417 549 446 data
565 422 649 452 sunt,
677 418 922 454 permissumque
944 418 1064 453 amicis,
1084 423 1118 448 ut

129 458 189 495 ipsi
204 467 328 496 quoque
341 459 534 489 consulerent
545 460 657 489 lovem.
679 459 756 488 Nihil
768 459 898 496 amplius
913 459 1116 496 quaesierunt,

130 508 229 537 quam,
247 509 285 529 an
301 505 407 530 auctor
421 504 504 530 esset
515 500 572 529 sibi
589 500 699 529 divinis
712 500 878 530 honoribus
893 501 1011 530 colendi
1028 510 1117 530 suum

129 549 239 578 regem.
282 543 348 571 Hoc
365 550 489 578 quoque
504 546 662 578 acceptum
678 543 742 571 fore
758 542 820 572 lovi
838 546 923 572 vates
938 543 1114 579 respondet,

128 587 161 612 ut
182 584 240 620 ipsi
263 584 408 613 victorem
430 591 531 620 regem
554 584 655 613 divino
671 583 787 613 honore
803 585 946 614 colerent.
989 585 1072 613 Vera
1087 588 1158 615 et29

129 625 242 654 salubri
256 626 465 654 aestimatione
478 626 570 654 fidem
583 625 695 654 oraculi
710 625 874 664 [pensanti]
887 634 965 655 vana
978 626 1115 662 profecto

129 674 289 703 responsa,
307 668 489 701 sicuteraut,
506 667 601 695 videri
618 666 805 703 potuissent:
822 668 877 696 sed
892 667 1017 703 fortuna,
1036 676 1115 704 quos

131 709 180 736 uni
203 707 261 737 sibi
284 709 408 737 credere
431 709 545 745 coegit,
572 716 681 745 magna
703 716 741 736 ex
762 712 846 744 parte
868 708 975 739 avidos
1002 709 1115 745 gloriae

130 750 225 786 inagis
243 758 333 786 quam
351 757 480 787 capaces
498 750 576 779 facit.
620 749 701 779 Iovis
724 749 813 786 igitur
830 750 923 779 filium
939 759 973 780 se
989 759 1049 780 non
1066 754 1157 780 so-30

130 792 135 807 ¹
141 800 189 820 um
201 792 347 828 appellari
361 800 474 828 passus
487 795 546 826 est,
565 791 619 819 scd
633 791 721 820 etiam
738 792 826 820 iussit
839 799 1002 828 rerumque
1014 796 1113 828 gesta-

129 841 195 862 rum
210 833 335 869 samam,
362 834 433 863 dum
449 840 561 869 augere
576 833 640 861 vult
656 832 705 861 tali
724 832 944 869 appellatione,
969 832 1113 870 corrupit.

129 875 164 903 Et
176 874 361 904 Macedones
378 873 493 904 assueti
507 873 629 910 quidem
641 874 724 910 regio
739 874 874 910 imperio,
892 875 947 904 scd
960 875 988 903 in
1000 874 1115 904 maiore
1123 878 1154 905 31

129 916 273 945 libertatis
290 917 405 950 umbra,
425 924 514 952 quam
533 920 652 945 ceterae
667 919 789 952 gentes,
805 916 1056 946 immortalitatem
1071 916 1113 944 af-

129 958 287 988 fectantem
301 958 518 992 contumacius,
533 966 624 994 quam
636 961 687 986 aut
699 957 774 993 ipsis
787 957 969 993 expediebat
981 961 1031 987 aut
1040 956 1112 993 regi,

127 1000 258 1029 aversati
274 1003 352 1029 sunt.
377 999 438 1029 Sctl
454 1000 528 1028 haec
541 1007 597 1028 suo
612 1006 752 1035 quaeque
769 998 895 1035 tempori
907 1001 1156 1028 reserventur232

129 1049 207 1071 nunc
222 1045 323 1070 cetera
339 1041 449 1077 exequi
467 1049 600 1077 pergam.

548 1108 601 1135 CA
610 1107 639 1134 P.
661 1107 739 1135 Vlll.

206 1166 274 1203 (33)
289 1167 464 1196 Alexander
477 1167 514 1195 ab
527 1167 691 1195 Hammone
707 1165 837 1200 rediens,
854 1169 885 1194 ut
899 1164 1043 1194 Mareotin
1059 1173 1111 1201 pa-
1127 1171 1140 1195 l

127 1209 226 1238 ladem
242 1209 324 1237 haud
339 1209 445 1245 procul
459 1208 556 1237 insula
571 1208 667 1236 Pharo
684 1206 771 1236 sitam
787 1207 877 1242 venit,
893 1207 1112 1243 contemplatus

127 1250 184 1279 loci
199 1254 334 1279 naturam
349 1250 477 1286 primum
494 1250 521 1277 iu
535 1250 603 1285 ipsa
616 1249 714 1278 insula
727 1251 873 1277 statuerat
883 1248 988 1276 urbem
1001 1256 1112 1277 novam

126 1292 267 1321 condere.
290 1292 371 1325 Inde,
388 1295 419 1320 ut
432 1290 581 1328 apparuit,
592 1297 720 1327 magnae
733 1289 816 1318 sedis
829 1290 958 1318 insulam
970 1289 1051 1318 haud
1064 1297 1112 1318 ca·
1124 1294 1140 1318 2

126 1342 233 1370 pacem
257 1341 340 1369 esse,
363 1333 452 1369 elegit
473 1332 538 1362 urbi
555 1333 670 1367 locum,
692 1331 742 1360 ubi
758 1339 837 1360 nunc
854 1335 900 1360 est
914 1331 1111 1367 Alexandria,

126 1375 361 1411 appellationem
388 1374 509 1403 trahens
531 1382 568 1402 ex
589 1374 710 1402 nomine
732 1372 873 1402 auctoris.
918 1372 1112 1409 Complexus,

127 1416 272 1454 quicquid
289 1417 345 1445 soli
362 1420 408 1445 est
424 1417 499 1445 inter
515 1416 656 1452 paludem
673 1422 709 1444 ac
722 1422 813 1450 mare,
830 1413 982 1450 octoginta
997 1413 1111 1443 stadio-

125 1467 191 1488 rum
213 1458 305 1487 muris
327 1458 469 1487 ambitum
492 1456 623 1486 destinat
639 1461 681 1491 et,
707 1456 757 1492 qui
780 1455 1030 1485 exaedificandae
1044 1454 1111 1484 urbi

127 1504 315 1537 praeessent,
330 1499 458 1535 relictis,
474 1498 637 1535 Memphim
654 1497 737 1535 petit.
774 1497 888 1534 Cupido
905 1497 986 1526 haud
1001 1496 1112 1526 iniusta
1123 1500 1140 1526 3

126 1542 263 1578 quidem,
291 1546 423 1570 ceterum
444 1540 657 1577 intempestiva
679 1540 860 1574 incesserat,
888 1547 947 1567 non
970 1537 1111 1567 interiora

125 1583 216 1612 modo
234 1583 376 1620 Aegypti,
393 1583 447 1612 sed
464 1582 552 1612 etiam
567 1581 759 1618 Aethiopiam
775 1580 920 1609 invisere:
943 1579 1110 1608 Memnonis

123 1624 306 1661 Tithonique
332 1625 483 1654 celebrata
509 1623 592 1660 regia
614 1622 849 1659 cognoscendae
869 1620 1028 1650 vetustatis
1047 1620 1110 1649 avi-

126 1668 196 1697 dum
212 1667 349 1696 trahebat
364 1674 462 1702 paene
479 1670 564 1695 extra
579 1664 723 1695 terminos
740 1663 823 1693 solis.
867 1662 929 1692 Sed
951 1661 1110 1691 imminens
1121 1666 1137 1691 4

125 1712 247 1747 bellum,
264 1711 351 1740 cuius
368 1711 459 1740 multo
477 1709 572 1739 maior
589 1712 747 1746 supererat
763 1708 874 1743 moles,
891 1706 1008 1736 otiosae
1024 1715 1109 1743 pere-
