1215 1895
163 138 233 167 ΜΒ.
251 137 300 166 lv.
319 137 452 172 CAP.11‚
470 136 638 166 ii—C-AP.
656 137 702 164 111.
721 142 735 165 2
766 138 813 165 nv,
831 138 902 159 8—12-
924 138 963 164 z.]
1038 134 1080 167 35

83 222 175 244 unam
191 221 262 243 esse
279 214 398 248 urbem,
423 220 501 249 quae
517 220 639 241 cursum
657 212 782 243 victoris
798 212 909 242 morari
931 220 1007 241 ausa
1030 220 1077 241 es-

42 260 75 289 18
84 260 140 286 set.
178 255 314 285 Ducibus
331 254 441 284 deinde
458 253 611 290 negotium
628 253 725 289 datur,
742 258 773 283 ut
788 262 863 284 suos
881 253 1014 291 quisque
1029 261 1078 282 ca-

84 297 184 334 stiget,
201 297 338 334 satisque
354 295 494 326 omnibus
510 294 671 325 stimulatis
687 304 766 332 opus
783 304 873 325 orsus
890 299 945 325 est.
968 295 1079 332 Magna

83 338 131 368 vis
147 347 292 368 saxorum
308 338 347 368 ad
362 345 483 367 manum
500 341 572 370 erat,
598 337 678 374 Tyro
695 342 799 367 vetere
815 337 997 374 praebente:
1017 346 1078 366 nia—

84 380 175 410 teries
191 388 229 410 ex
242 379 358 409 Libano
375 383 476 409 monte
491 378 605 408 ratibus
621 383 650 408 et
667 379 799 409 turribus
816 378 963 408 faciendis
986 379 1078 408 adi-c-

43 427 75 454 19
85 422 222 452 bebatur.
260 422 383 458 lamque
405 429 423 450 a
445 421 538 450 fundo
561 420 653 450 maris
676 420 706 450 in
723 421 911 451 altitudinem
927 420 1078 450 modicam

85 471 163 500 opus
186 467 378 497 excreverat,
407 462 542 492 nondum
561 467 658 492 tamen
681 471 779 500 aquae
797 462 949 499 fastigium
965 470 1078 498 aequa—

85 505 144 539 bat,
164 521 198 526 —
217 510 246 534 et
262 513 322 542 quo
339 504 459 541 longius
476 504 572 534 moles
588 504 735 541 agebatur
750 513 768 533 a
784 504 880 539 litore,
897 504 955 533 hoc
971 503 1077 540 magis,

40 551 74 577 ‘20
85 545 232 583 quicquid
243 545 446 583 ingerebatur,
456 546 623 583 praealtum
630 546 921 576 absorbebatmare:
938 562 972 566 —
986 553 1076 582 quum

82 587 179 626 Tyrii,
206 587 308 625 parvis
332 587 460 624 navigiis
476 586 623 623 admotis,
648 596 705 625 per
726 587 888 617 ludibrium
909 587 1076 624 exprobra-

82 629 170 664 bant,
191 629 260 660 illos
276 629 367 659 armis
383 628 504 659 inolitos
520 629 629 664 dorso,
654 629 733 659 sicut
745 629 894 665 iumenta,
917 637 1011 659 onera
1026 637 1076 665 ge-

84 674 178 700 stare:
194 670 421 708 interrogabant
436 670 534 705 etiam,
551 679 622 700 num
637 670 733 701 maior
746 672 888 708 Neptuno
902 671 1078 700 Alexander

83 716 175 742 esset.
211 713 295 742 Haec
310 712 379 749 ipsa
391 712 549 743 insectatio
565 713 751 743 alacritatem
766 712 892 742 militum
907 712 1056 742 accendit.

40 756 73 782 21
165 753 232 790 (ll)
253 754 378 791 lamque
393 754 518 791 paulum
533 754 629 784 moles
645 763 726 791 aqua
748 754 914 790 eminebat,
938 758 967 784 et
988 754 1076 784 simul

82 795 203 833 aggeris
218 794 344 825 latitudo
364 795 537 831 crescebat,
563 795 693 833 urbique
715 796 952 826 admovebatur:
984 803 1076 833 quum

82 836 172 874 Tyrii,
189 836 396 874 magnitudine
408 836 506 872 molis,
524 837 612 867 cuius
627 837 846 868 incrementum
860 846 915 868 eos
928 841 1018 867 antea
1034 838 1076 866 se-

82 878 214 915 sellerat,
238 883 421 916 conspecta,
443 878 563 909 levibus
580 879 710 917 navigiis
727 880 862 909 nondum
878 879 1077 909 commissum

82 927 162 956 opus
178 920 336 950 circumire
352 924 528 958 coeperunt,
544 920 711 951 missilibus
729 930 853 958 quoque
869 930 934 957 eOS,
952 921 1003 958 qui
1019 929 1075 958 pro

39 967 176 998 mopere
191 962 319 998 stabant,
336 962 503 992 incessere.
540 963 642 992 Multis
659 971 731 1000 ergo
748 963 873 1001 impune
896 963 1074 997 vulneratis,

83 1011 176 1040 quum
191 1008 221 1034 et
235 1012 395 1035 removere
409 1008 439 1034 et
452 1005 608 1041 appellere
625 1005 757 1042 scaphas
773 1005 803 1034 in
821 1004 966 1042 expedito
983 1010 1076 1041 esset,

27 1044 122 1078 '23ad
138 1052 241 1075 curam
257 1050 354 1076 semet
368 1045 457 1083 ipsos
469 1046 574 1075 tuendi
592 1047 630 1076 ab
647 1055 740 1083 opere
757 1051 980 1076 converterant.
1018 1047 1075 1083 Igi-

80 1090 128 1116 tur
141 1094 197 1116 rex
211 1087 416 1117 munientibus
433 1086 517 1116 coria
530 1088 662 1124 velaque
677 1088 766 1118 iussit
783 1088 922 1123 obtendi,
944 1092 976 1118 ut
991 1093 1077 1117 extra

81 1127 132 1157 teli
148 1127 260 1158 iactum
276 1133 395 1164 essent,
418 1129 559 1166 duasque
574 1133 673 1159 turres
689 1138 727 1159 ex
745 1130 845 1167 capite
862 1129 951 1159 molIS
968 1129 1074 1165 erexit,

39 1176 99 1202 24e
116 1170 226 1206 quibus
242 1169 271 1199 in
289 1170 455 1200 subeuntes
471 1171 603 1207 scaphas
619 1172 678 1201 tela
693 1171 789 1208 ingeri
804 1176 942 1209 possent.
965 1172 1075 1201 Contra

79 1210 162 1248 Tyrii
178 1211 299 1248 navigia
313 1212 421 1249 procul
436 1220 454 1241 a
470 1217 639 1249 conspeetu
660 1212 793 1243 hostium
815 1212 895 1243 litori
917 1214 1074 1251 appellunt

80 1252 294 1290 expositisque
314 1253 458 1283 militibus
480 1262 550 1290 eos,
576 1254 628 1291 qui
650 1263 726 1284 saxa
747 1255 923 1292 gestabant,
950 1255 1073 1285 obtrun-

80 1297 158 1323 cant.
204 1295 237 1324 In
262 1294 377 1325 Libano
405 1303 530 1332 quoque
550 1296 684 1326 Arabum
706 1301 860 1334 agrestes,
886 1296 1073 1335 incomposi-

0 1323 20 1386 ΞΤ
80 1339 129 1365 tos
143 1335 327 1367 Maeed6nas
342 1336 455 1372 adorti,
481 1336 601 1374 triginta
618 1339 681 1368 fere
696 1338 895 1375 interficiunt,
920 1338 1073 1376 pauciori-

0 1407 22 1429 ω
78 1376 137 1406 bus
152 1377 258 1415 captis.

2 1449 22 1471 ¹3·
468 1447 523 1476 CA
532 1448 562 1476 P.
585 1448 634 1476 111.

0 1492 25 1555 3¹2
56 1509 71 1535 1
158 1506 203 1536 Ea
230 1515 281 1537 res
304 1508 514 1537 Alexandrum
541 1507 678 1537 dividere
705 1507 812 1545 copias
839 1506 953 1544 coegit:
978 1512 1008 1538 et
1033 1516 1071 1537 ne

0 1566 26 1598 mis
81 1547 213 1586 segniter
227 1548 366 1579 assidere
379 1548 433 1597 uni
448 1549 515 1597 urbi
531 1549 693 1584 videretur,
717 1548 803 1597 operi
817 1548 984 1579 Perdiccan
1001 1549 1070 1597 (ξω-

0 1609 17 1639 ,y-
80 1594 228 1639 teronque
252 1591 415 1628 praefecit,
446 1599 515 1628 ipse
541 1599 610 1621 cum
639 1591 784 1628 expedita
810 1599 900 1620 manu
925 1591 1070 1621 Arabiam

5 1651 28 1681 illo
42 1678 69 1704 .2
81 1635 229 1710 ρθωιὲΙΞ)
251 1674 331 1704 Inter
346 1675 422 1704 haec
437 1674 519 1713 Tyrii
535 1682 644 1704 navem
659 1674 868 1712 magnitudine
883 1673 1004 1711 eximia,
1021 1683 1070 1704 sa-

79 1714 128 1745 xis
146 1723 300 1754 arenaque
314 1725 333 1746 a
348 1716 445 1754 puppi
461 1720 626 1752 oneratam,
645 1715 686 1746 ita
700 1720 733 1746 ut
748 1716 874 1746 multum
889 1725 982 1754 prora
997 1716 1069 1746 emi-

81 1760 182 1794 neret,
205 1757 350 1788 bitumine
371 1766 408 1788 ac
432 1758 579 1796 sulphure
600 1757 705 1788 illitam
722 1757 1066 1830 remisaffioncitaverunt.
