1215 1905
124 83 196 112 LsB.
211 82 289 111 Vlll.
307 80 387 110 CAP.
405 80 438 116 ll,
453 83 483 110 31
498 96 531 100 —
543 78 626 108 CAP.
642 78 690 114 111,
708 82 749 108 14.
766 88 831 114 [vur
847 86 968 113 9-12.z.1
1002 74 1063 106 183

75 166 180 189 amore
195 157 358 194 flagrabat:
381 164 472 193 quam
486 163 578 192 aegre
594 155 695 191 sugam
711 157 741 183 et
755 162 836 183 nova
851 152 982 183 subinde
998 150 1062 181 exi-

76 200 115 230 lia
130 201 308 230 tolerantem
329 198 358 227 in
376 205 465 228 omne
485 196 648 226 discrimen
671 195 811 225 comitem
828 195 976 224 trahebat.
1010 193 1064 221 Illa

76 242 163 272 malis
180 241 302 278 fatigata
317 239 481 269 identidem
496 238 660 267 muliebres
676 237 822 267 adhibere
837 235 1015 270 blanditum,
1032 239 1065 264 ut

76 284 198 314 tandem
219 284 320 320 fugam
341 281 462 311 sisteret
485 279 671 316 victorisque
686 278 852 308 Alexandri
875 276 1064 307 clementiam

47 330 64 356 3
77 329 223 362 expertus
239 325 387 361 placaret,
404 330 494 360 quem
509 322 646 358 elingere
662 329 723 350 non
740 325 857 358 posset.
879 321 954 349 Tres
970 318 1064 348 adulti

78 371 164 397 erant
179 366 265 396 liberi
279 374 316 396 ex
333 373 370 394 eo
387 364 494 402 geniti:
512 372 591 400 quos
608 371 701 400 quum
719 362 833 399 pectori
849 361 944 399 patris
960 360 1063 390 admo-

79 409 183 442 visset,
200 412 233 438 ut
247 408 353 437 saltem
367 415 472 436 eorum
488 406 625 435 misereri
640 405 745 441 vellet,
763 405 882 434 orabat:
899 408 928 433 et
944 411 1005 439 quo
1022 402 1064 431 es—

48 455 66 479 4
79 450 238 480 ficaciores
253 453 358 479 essent
372 456 490 485 preces,
507 447 588 476 haud
605 447 711 484 procul
728 450 792 475 erat
806 445 991 475 Alexander.
1012 445 1066 472 llle

79 500 113 521 se
129 491 232 528 prodi,
249 499 309 520 non
325 490 440 520 moneri
455 494 538 519 ratus
555 493 584 518 et
601 490 714 518 l'ormae
730 489 870 525 profecto
886 487 998 516 fiducia
1014 494 1065 515 cu-

79 541 153 570 pere
169 541 235 562 eam
248 532 468 569 quamprimum
480 531 551 560 dedi
565 530 751 565 Alexandro,
767 529 922 558 acinacem
936 527 1067 562 strinxit,

80 582 284 612 percussurus
308 582 452 609 uxorem,
479 573 536 601 nisi
561 572 732 609 prohibitus
754 576 838 600 esset
859 571 983 599 fratrum
999 569 1065 598 eius

49 622 67 647 5
81 625 221 646 occursu.
267 616 404 646 Ceterum
420 615 504 644 abire
519 622 536 643 e
553 618 722 650 conspectu
744 613 840 647 iubet,
864 611 968 641 addito
984 615 1067 640 metu

81 658 202 693 mortis,
224 657 251 687 si
272 665 306 687 se
322 657 419 687 oculis
435 657 502 686 eius
518 656 694 685 obtulisset:
717 659 747 684 et
761 655 801 684 ad
823 653 1009 683 desiderium
1025 653 1066 681 le-

50 704 67 730 6
81 700 211 729 vandum
234 703 340 729 noctes
361 706 451 736 agere
473 698 551 727 inter
572 698 698 734 pellices
714 696 824 733 coepit.
868 695 929 725 Sed
944 695 1067 732 penitus

81 742 211 770 haerens
227 749 312 770 amor
328 740 449 770 fastidio
467 739 672 776 praesentium
693 746 845 768 aecensus
862 741 918 766 est.
961 737 1068 773 Itaque

79 791 188 812 rursus
201 782 253 811 uni
266 782 293 811 ei
306 782 426 811 deditus
435 789 523 811 orare
536 789 596 810 non
610 780 732 815 destitit,
748 784 780 809 ut
793 779 843 809 tali
856 778 984 808 consilio
998 778 1068 807 abs-

80 824 190 854 tineret
210 827 428 860 patereturque
450 827 578 857 sortem,
602 829 818 859 quamcunque
835 820 872 849 iis
890 820 1068 850 fortunate-

52 870 69 897 7
82 866 189 896 cisset:
211 865 269 894 sibi
291 869 417 895 mortem
432 863 587 893 deditione
604 872 674 893 esse
690 863 845 893 leviorem.
877 863 917 891 At
932 862 982 891 illa
997 869 1067 898 pur-

81 915 154 945 gare
180 915 230 943 se,
257 907 353 943 quod,
382 914 460 943 quae
486 905 568 935 utilia
593 913 664 935 esse
690 904 855 940 censebat,
883 903 1068 933 muliebriter

83 949 224 984 forsitan,
246 949 301 978 sed
318 948 378 977 fida
394 952 491 977 tamen
508 952 608 977 mente
630 947 795 977 suasisset:
818 947 856 975 de
872 949 973 975 cetero
991 946 1070 974 sutu-

52 995 70 1022 8
82 999 144 1020 ram
160 990 188 1018 in
206 990 261 1019 viri
277 994 437 1026 potestate.
481 989 674 1026 Spitamenes
693 989 832 1018 simulato
856 991 963 1024 captus
981 987 1071 1017 obse-

84 1032 156 1069 quio
173 1032 211 1061 de
227 1032 276 1061 die
292 1030 466 1061 convivium
489 1031 631 1068 apparari
653 1030 752 1060 iubet:
775 1030 911 1066 vinoque
927 1034 956 1058 et
971 1028 1070 1065 epulis

53 1078 71 1105 9
83 1073 184 1111 gravis
201 1078 231 1103 et
245 1072 450 1103 semisomnus
466 1072 496 1101 in
513 1072 686 1102 cubiculum
707 1073 809 1101 fertur.
853 1071 947 1107 Quem
964 1075 995 1100 ut
1010 1071 1069 1099 alto

83 1120 114 1145 et
128 1115 213 1152 gravi
229 1123 336 1144 somno
353 1114 486 1152 sopitum
503 1122 574 1143 esse
589 1114 686 1144 sensit
699 1122 791 1148 uxor,
815 1112 962 1150 gladium,
980 1120 1070 1148 quem

85 1161 170 1186 veste
183 1157 397 1191 occultaverat,
410 1156 529 1193 stringit
541 1160 695 1193 caputque
709 1156 774 1185 eius
786 1155 950 1190 abscisum,
963 1161 1071 1183 cruore

44 1203 234 1236 lorespersa,
252 1206 342 1228 servo
358 1206 415 1227 suo
429 1197 554 1227 conscio
569 1197 713 1227 facinoris
729 1197 827 1227 tradit.
869 1195 936 1231 (12)
955 1196 1071 1225 Eodem

85 1240 255 1275 comitante,
273 1240 361 1269 sicuti
377 1244 450 1275 erat,
467 1244 591 1268 cruenta
606 1244 701 1275 veste,
717 1239 746 1268 in
757 1238 959 1268 Maced6num
972 1242 1070 1267 castra

87 1281 227 1319 pervenit
238 1281 430 1318 nuntiarique
446 1282 621 1311 Alexandro
638 1281 735 1316 iubet,
752 1288 837 1316 esse,
855 1288 934 1317 quae
950 1288 989 1309 ex
1004 1279 1072 1316 ipsa

45 1329 75 1354 11
85 1324 209 1353 deberet
223 1331 422 1360 cognoscere.
446 1323 498 1352 Ille
513 1323 652 1360 protinus
667 1323 828 1352 barbaram
842 1321 932 1352 iussit
947 1320 1071 1351 admitti.

86 1365 181 1401 Quam
195 1369 228 1394 ut
242 1373 417 1402 respersam
433 1372 542 1394 cruore
557 1364 728 1402 conspexit,
745 1368 838 1400 ratus,
855 1364 894 1393 ad
910 1364 1072 1400 deploran-

46 1411 77 1437 Η
86 1407 154 1436 dam
170 1406 382 1436 contumeliam
398 1406 537 1441 venisse,
555 1406 672 1442 dicere,
691 1414 770 1443 quae
785 1407 890 1440 vellet⁷
908 1405 999 1435 iubet.
1034 1405 1074 1433 At

87 1448 138 1477 illa
152 1456 289 1484 servum,
316 1456 406 1484 quem
422 1447 452 1476 in
475 1447 626 1477 vestibulo
648 1452 729 1477 stare
750 1448 896 1483 iusserat,
921 1445 1071 1476 introduci

87 1489 281 1519 desideravit.
312 1490 377 1526 Qui,
398 1488 468 1526 quia
485 1494 576 1526 caput
591 1489 776 1526 Spitamenis
792 1493 878 1518 veste
893 1493 1005 1518 tectum
1021 1488 1073 1516 ha-

86 1531 192 1566 bebat,
218 1535 383 1568 suspectus
398 1531 618 1566 scrutantibus,
644 1530 718 1568 quid
739 1531 907 1566 occuleret,
930 1529 1072 1560 ostendit.

48 1572 271 1604 laconfuderat
288 1573 350 1602 oris
366 1572 532 1608 exsanguis
547 1577 636 1602 notas
659 1573 770 1609 pallor,
793 1580 866 1608 nec,
889 1571 958 1609 quis
980 1576 1072 1605 esset,

86 1614 174 1644 nosci
190 1615 264 1644 satis
281 1618 409 1651 poterat.
429 1614 508 1650 Ergo
525 1622 580 1643 rex
596 1614 705 1643 certior
721 1615 828 1649 factus,
844 1614 1008 1643 humanum
1023 1621 1074 1642 ca—

88 1661 140 1692 put
152 1656 260 1686 afferre
274 1664 351 1689 eum,
367 1656 560 1685 tabernaculo
571 1655 706 1685 excessit
716 1659 985 1692 percontatusque,
999 1654 1072 1692 quid

49 1697 132 1727 lirei
147 1698 193 1734 sit,
209 1698 259 1727 illo
276 1698 447 1734 profitente,
465 1697 633 1734 cognoscit.
656 1697 768 1726 Variae
783 1696 854 1726 hinc
870 1696 1073 1734 cogitationes
