1215 1905
195 94 266 123 LlB.
282 94 317 124 X.
334 94 414 123 cAP.
431 94 495 129 Vll,
511 93 665 123 5-CAP.
680 93 759 128 vin,
775 98 800 123 5.
820 102 860 129 13,
871 103 956 125 22-25.
970 103 1009 130 z.]
1051 94 1112 125 265

83 174 113 201 16
204 169 272 206 (24)
300 169 392 206 Igitur
412 168 556 199 Perdicca
581 168 702 198 territus
724 169 884 204 conclave,
906 167 936 198 in
959 177 1020 206 quo
1040 170 1098 199 Ale

121 210 230 241 xandri
246 219 360 248 corpus
375 210 502 246 iacebat,
518 211 654 241 obserari
669 210 761 240 iubet.
796 209 941 240 Sexcenti
956 218 1026 240 cum
1041 210 1110 248 ipso

121 257 220 289 erant,
237 257 392 290 spectatae
409 252 540 282 virtutis:
567 253 759 282 Ptolemaeus
775 259 899 289 quoque
913 260 948 282 se
962 251 1110 282 adiunxe-

81 299 110 326 17
120 300 165 325 rat
178 295 207 324 ei
222 302 449 332 puerorumque
464 293 549 331 regia
564 294 686 324 cohors.
728 294 867 323 Ceterum
882 293 964 323 haud
980 293 1110 324 difficul-

121 341 166 366 ter
184 345 203 366 a
223 340 267 366 tot
288 335 409 366 milibus
429 339 612 365 armatorum
633 336 765 365 claustra
785 336 937 372 perfracta
951 339 1031 365 sunt.
1074 335 1111 365 Et

120 387 172 408 rex
190 386 314 416 quoque
334 377 497 414 irruperat,
524 376 653 414 stipatus
672 376 833 407 satellitum
855 377 957 412 turba,
981 385 1111 414 quorum

79 424 110 450 18
118 420 265 457 princeps
281 423 346 449 erat
360 420 518 456 Meleager.
557 419 716 456 lratusque
730 418 875 448 Perdicca
890 419 958 454 hos,
975 418 1027 456 qui
1039 419 1109 448 Ale—

118 461 227 491 xandri
242 469 355 498 corpus
370 460 446 490 tueri
460 461 587 495 vellent,
610 464 750 490 sevocat:
774 461 844 495 sed,
863 460 914 497 qui
930 460 1110 498 irruperant,

119 504 238 533 eminus
253 503 313 533 tela
328 502 357 532 in
373 502 474 539 ipsum
490 502 649 532 iaciebant.
684 501 849 539 Multisque
864 502 1032 532 vulneratis
1044 506 1108 532 tan-

119 546 188 575 dem
203 544 358 579 seniores,
375 544 506 581 demptis
521 543 632 581 galeis,
649 552 710 581 quo
731 543 850 573 facilius
866 543 953 573 nosci
970 547 1108 581 possent,

119 586 252 624 precari,
275 586 326 623 qui
343 595 410 616 cum
427 585 572 615 Perdicca
587 589 688 621 erant,
710 593 857 622 coepere,
879 589 912 615 ut
924 584 1108 615 absisterent

79 632 108 658 19
116 629 196 659 bello
212 627 338 665 regique
353 632 382 657 et
397 627 535 665 pluribus
551 628 704 657 cederent.
738 626 855 656 Primus
867 626 1013 656 Perdicca
1023 635 1107 656 arma

117 670 276 707 deposuit,
301 669 454 706 ceterique
476 669 556 699 idem
577 670 686 698 secere.
729 668 882 705 Meleagro
905 667 1017 698 deinde
1037 676 1107 698 sua-

117 712 217 747 dente,
233 720 270 741 ne
286 720 303 740 a
320 719 448 748 corpore
464 711 630 740 Alexandri
646 710 854 745 discederent,
871 709 990 739 insidiis
1006 710 1107 740 locum

117 753 223 790 quaeri
238 753 293 782 rati
310 753 433 782 diversa
454 753 555 789 regiae
577 756 662 789 parte
683 752 722 781 ad
743 752 916 788 Euphraten
940 752 1043 788 lugam
1063 751 1107 780 in-

74 799 108 824 20
116 795 250 824 tendunt.
294 794 470 831 Equitatus‚
493 794 545 831 qui
559 802 597 823 ex
613 793 811 823 nobilissimis
827 793 971 823 iuvenum
986 797 1105 823 consta-

115 836 174 871 bat,
192 836 366 865 Perdiccam
382 841 411 865 et
425 836 612 865 Leonnatum
628 837 773 871 frequens
790 835 984 872 sequebatur,
1004 836 1104 872 place-

73 882 105 908 21
115 878 227 915 batque
242 878 393 907 excedere
410 877 484 907 urbe
499 881 529 907 et
543 878 667 906 tendere
683 877 713 905 in
729 877 855 913 campis.
885 877 948 906 Sed
962 876 1107 905 Perdicca

117 927 154 948 ne
170 918 289 956 pedites
307 919 429 956 quidem
445 923 607 948 secuturos
622 918 723 956 ipsum
739 918 936 955 desperabat:
953 918 1056 955 itaque
1068 926 1106 947 ne

116 961 298 990 abducendo
315 960 432 998 equites
449 960 612 997 abrupisse
627 968 645 989 a
667 964 769 989 cetero
792 960 928 990 exercitu
943 959 1105 994 videretur,

116 1002 146 1031 in
163 1003 238 1032 urbe
254 1002 402 1032 subsistit.

495 1068 516 1098 C
524 1069 550 1097 A
558 1068 588 1097 P.
610 1068 690 1097 V111.

89 1133 102 1158 l
199 1129 266 1163 (25)
287 1131 326 1159 At
340 1129 493 1165 Meleager
507 1135 610 1165 regem
626 1135 750 1158 monere
767 1136 828 1158 non
844 1127 972 1164 destitit,
988 1127 1036 1157 ius
1052 1127 1106 1157 im*

116 1171 192 1207 perii
206 1170 370 1200 Perdiccae
386 1175 483 1200 morte
499 1169 698 1199 sanciendum
714 1177 799 1199 esse:
823 1168 852 1198 ni
868 1174 1036 1206 occupetur
1051 1169 1105 1199 im-

116 1217 225 1249 potens
241 1212 376 1247 animus,
398 1220 448 1242 res
465 1216 660 1241 novaturum:
683 1210 859 1241 meminisse
876 1219 960 1247 eum,
978 1210 1053 1248 quid
1067 1212 1106 1241 de

115 1262 186 1291 rege
203 1254 380 1283 meruisset:
396 1253 547 1283 neminem
562 1258 662 1283 autem
678 1253 706 1282 ei
721 1253 795 1283 satis
811 1253 906 1282 fidum
917 1261 997 1288 esse,
1016 1261 1106 1290 quem

86 1299 102 1324 2
115 1300 235 1325 metuat.
276 1297 342 1325 Rex
358 1295 528 1333 patiebatur
544 1295 649 1332 magis,
667 1303 758 1332 quam
773 1293 1006 1324 assentiebatur.
1049 1295 1106 1324 Ita-

116 1345 176 1374 que
191 1337 345 1374 Meleager
360 1336 512 1366 silentium
529 1345 584 1374 pro
601 1336 729 1373 imperio
746 1336 849 1366 habuit
864 1335 1008 1373 misitque
1024 1336 1106 1372 regis

115 1379 251 1414 nomine,
278 1379 329 1416 qui
349 1379 525 1408 Perdiccam
546 1382 748 1408 accerserent.
789 1378 901 1407 Iisdem
923 1378 1107 1413 mandatum,

85 1423 102 1449 3
114 1425 147 1449 ut
162 1420 347 1455 occiderent,
362 1420 388 1449 si
404 1419 510 1449 venire
525 1420 684 1450 dubitaret.
728 1420 888 1455 Perdicca,
904 1419 1040 1449 nuntiato
1057 1427 1106 1449 sa-

115 1462 240 1491 tellitum
261 1463 410 1497 adventu,
432 1461 567 1491 sedecim
588 1461 711 1491 omnino
734 1460 838 1498 pueris
853 1461 956 1498 regiae
971 1460 1106 1491 cohortis

116 1503 276 1533 comitatus
300 1503 330 1532 in
353 1503 454 1532 limine
477 1503 587 1532 domus
615 1511 689 1532 suae
711 1503 846 1532 constitit
869 1502 1107 1539 castigatosque,

115 1548 146 1574 et
158 1544 304 1582 Meleagri
319 1545 470 1581 mancipia
484 1544 650 1574 identidem
665 1545 841 1581 appellans,
864 1544 910 1574 sic
929 1543 1022 1573 animi
1041 1544 1106 1573 vul-

115 1589 228 1623 tusque
243 1585 415 1616 constantia
427 1586 539 1621 terruit,
551 1590 584 1616 ut
595 1585 647 1615 vix
658 1585 768 1615 mentis
785 1590 943 1622 compotes
959 1586 1106 1622 fugerent.

86 1627 260 1657 4Perdicca
276 1636 390 1665 pueros
406 1636 506 1665 equos
522 1627 610 1657 iussit
625 1628 836 1657 conscendere
858 1632 888 1657 et
909 1635 978 1657 cum
998 1627 1106 1665 paucis

116 1669 282 1699 amicorum
298 1670 337 1698 ad
351 1670 539 1699 Leonnatum
556 1669 708 1706 pervenit,
730 1670 790 1699 iam
805 1669 937 1699 firmiore
952 1668 1106 1707 praesidio

87 1715 103 1739 5
117 1710 176 1740 vim
193 1712 443 1748 propulsaturus,
466 1711 492 1740 si
508 1710 576 1748 quis
592 1710 724 1740 inferret.
766 1711 891 1741 Postera
913 1710 962 1740 die
984 1710 1107 1747 indigna
